1930 3204
420 204 499 252 386
863 252 868 259 ¹
973 216 1040 244 Pio
1071 217 1198 253 RAJNA

363 294 515 348 ginare
542 293 866 348 precisamente
887 295 914 335 l’
938 301 1143 349 opposto.
1171 295 1289 337 Rase
1317 296 1359 337 al
1391 296 1519 338 suolo
1548 298 1587 338 le
1611 311 1739 342 mura
1759 299 1802 342 di

365 365 629 418 Pamplona,
656 364 804 418 CarIo,
834 365 1026 418 «regredi
1059 371 1277 415 statuens,
1315 366 1493 419 Pyrinei
1525 368 1687 410 saltum
1727 369 1800 412 in-

361 449 542 490 gressus
559 441 641 477 est.
669 437 720 477 In
746 436 871 478 cuius
901 437 1164 478 summitate
1187 438 1438 480 Wascones
1460 437 1632 480 insidiis
1653 441 1801 482 conlo·

361 506 491 557 catis,
527 512 774 549 extremum
805 521 965 562 agmen
998 509 1154 557 adorti,
1187 514 1331 549 totum
1362 509 1606 550 exercitum
1639 524 1803 564 magno

361 579 558 619 tumultu
583 578 860 631 perturbant.
886 579 946 620 Et
969 579 1070 620 licet
1104 579 1263 621 Franci
1288 579 1591 622 wasconibus
1614 587 1706 622 tam
1732 596 1806 624 ar—

362 649 448 690 mis
476 663 608 703 quam
637 649 799 691 animis
827 655 1052 703 praestare
1081 651 1347 701 viderentur,
1375 653 1532 693 tamen
1562 659 1607 694 et
1638 653 1804 707 iniqui-

362 726 452 762 tate
473 722 668 762 locorum
702 726 746 762 et
777 735 936 775 genere
970 721 1155 775 imparis
1187 736 1364 775 pugnae
1399 722 1631 765 inferiores
1657 724 1802 767 effecti

359 797 480 834 sunt.
519 793 568 834 In
599 792 682 833 hoe
710 792 953 834 certamine
983 793 1179 846 plerique
1210 783 1461 834 aulicorum
1490 791 1558 844 (1),
1583 808 1694 848 quos
1727 809 1802 837 rex

357 863 495 917 copiis
518 863 801 917 praefecerat,
822 862 1046 904 interfecti
1070 869 1191 913 sunt,
1213 864 1384 918 direpta
1402 865 1738 919 impedimenta,
1759 866 1803 908 et

358 934 497 976 hostis
515 941 692 989 propter
714 934 918 976 notitiam
942 935 1140 976 locorum
1164 935 1316 976 statim
1341 935 1386 977 in
1405 937 1579 978 diversa
1603 938 1799 992 dilapsus

357 1011 439 1050 est.
455 1006 595 1048 Cuius
618 1006 815 1047 vulneris
836 1006 1034 1059 acceptio
1059 1019 1268 1059 magnam
1295 1013 1463 1060 partem
1489 1021 1634 1049 rerum
1660 1007 1796 1051 felici-

356 1085 422 1119 ter
445 1078 487 1119 in
514 1077 737 1132 Hispania
760 1083 986 1131 gestarum
1022 1077 1066 1118 in
1097 1078 1227 1119 corde
1250 1078 1365 1131 regis
1388 1076 1671 1121 obnubilavit
1697 1079 1795 1127 (2).»

418 1149 500 1191 Piu
525 1149 1096 1203 particolareggiatamente
1116 1149 1151 1190 si
1174 1163 1403 1203 espongon
1422 1150 1461 1191 le
1479 1165 1580 1192 cose
1603 1151 1646 1192 in
1672 1153 1800 1205 quel-

356 1221 398 1262 la
423 1221 522 1263 Vita
544 1221 589 1262 di
611 1220 739 1262 Carlo
762 1222 942 1275 Magno,
968 1221 1010 1261 di
1038 1220 1107 1261 cui
1142 1220 1369 1274 Eginardo
1403 1225 1426 1263 e
1464 1229 1616 1263 autore
1641 1223 1797 1265 incon·

354 1298 535 1336 testato,
563 1293 650 1334 Fra
677 1294 716 1334 le
739 1293 824 1334 due
854 1291 1082 1341 relazioni,
1119 1293 1230 1333 oltre
1264 1306 1289 1334 a
1324 1293 1463 1334 molta
1497 1294 1802 1337 convenienza

353 1364 576 1417 generica,
596 1363 635 1405 ci
654 1377 764 1405 sono
786 1364 929 1405 anche
951 1363 1155 1404 riscontri
1177 1363 1218 1404 di
1242 1364 1409 1416 parole;
1431 1363 1574 1406 sicche
1590 1365 1800 1408 verrebbe

353 1435 464 1476 fatto
487 1435 529 1477 di
559 1435 759 1477 dubitare
790 1434 871 1476 che
903 1436 946 1476 la
970 1434 1044 1488 piu
1066 1435 1267 1475 succinta
1299 1433 1416 1476 fosse
1446 1436 1564 1477 nella
1592 1443 1800 1480 sostanza

355 1507 552 1549 derivata
590 1506 697 1549 dall’
717 1507 846 1555 altra,
873 1520 919 1547 se
957 1504 990 1547 il
1026 1505 1459 1559 rimaneggiamento
1497 1507 1613 1560 degli
1638 1508 1799 1551 Annali

354 1578 637 1621 Laurissensi
672 1592 761 1619 non
798 1578 931 1627 fosse,
967 1591 992 1618 a
1025 1582 1190 1630 quanto
1223 1577 1259 1618 si
1290 1578 1463 1627 ritiene‚
1503 1579 1722 1621 anteriore
1755 1580 1799 1632 di

351 1651 457 1692 anni
482 1650 687 1705 parecchi
710 1646 785 1692 all'
808 1650 918 1691 altra
934 1663 1069 1703 opera
1091 1647 1157 1692 (3).
1180 1649 1314 1704 Quivi
1340 1649 1472 1692 Cario
1497 1653 1555 1703 (c.
1579 1653 1642 1702 ix)
1671 1651 1797 1694 «His-

353 1721 533 1775 paniam
558 1734 691 1775 quam
718 1720 914 1762 maximo
947 1726 1118 1774 poterat
1152 1720 1254 1762 belli
1277 1721 1489 1775 adparatu
1523 1722 1796 1776 adgreditur,
1827 1732 1829 1734 ’

354 1781 559 1846 saltuque
583 1791 761 1846 Pyrinei
791 1798 1016 1844 superato.
1042 1791 1250 1833 omnibus
1282 1806 1394 1846 quae
1426 1793 1594 1835 adierat
1627 1794 1800 1848 oppidis

354 1869 487 1917 atque
510 1863 704 1905 castellis
733 1862 777 1904 in
801 1862 1070 1904 deditionem
1107 1863 1317 1918 acceptiS,
1352 1865 1476 1906 salvo
1512 1871 1554 1907 et
1587 1866 1798 1909 incolumi

353 1935 547 1977 exercitu
566 1934 815 1984 revertitur;
838 1940 1012 1988 praeter
1030 1935 1146 1988 quod
1164 1934 1207 1977 in
1227 1935 1323 1989 ipso
1343 1936 1522 1990 Pyrinei
1541 1936 1651 1991 jugo
1670 1938 1799 1981 Was·

353 2006 556 2048 conicam
583 2006 813 2062 perfidiam
840 2020 1076 2060 parumper
1109 2006 1152 2047 in
1188 2007 1408 2049 redeundo
1442 2008 1633 2062 contigit
1663 2023 1799 2063 expe-

356 2077 445 2119 riri.
469 2078 585 2119 Nam
610 2091 711 2119 cum
736 2077 916 2130 agmine
940 2078 1089 2131 longO,
1113 2084 1160 2118 ut
1180 2078 1265 2119 loci
1289 2085 1331 2119 et
1353 2079 1660 2133 angustiarum
1686 2081 1817 2134 situs·

356 2150 654 2204 permittebat,
674 2155 900 2203 porrectus
923 2149 1003 2190 iret
1026 2150 1260 2200 exercitus,
1280 2151 1546 2202 wascones,
1569 2152 1611 2193 in
1631 2152 1797 2195 summi

356 2222 521 2262 montis
545 2221 707 2263 vertice
736 2220 891 2274 positis
914 2220 1086 2262 insidiis
1111 2222 1196 2273 (est
1217 2221 1335 2263 enim
1361 2222 1483 2264 locus
1505 2236 1558 2263 ex
1574 2223 1797 2276 opacitate

355 2291 586 2342 silvarum,
613 2306 801 2347 quarum
826 2291 884 2333 ibi
910 2292 1106 2334 maxima
1128 2299 1194 2335 est
1218 2293 1361 2348 copia,
1388 2293 1563 2335 insidiis
1581 2295 1798 2348 ponendis

404 2454 454 2499 (ι)
508 2454 544 2488 S'
565 2454 723 2491 intende
745 2454 968 2502 “pleriquen
989 2455 1050 2491 nel
1071 2454 1291 2502 significato
1310 2455 1524 2493 medievale
1540 2456 1606 2504 piu
1627 2468 1793 2494 consue-

354 2523 409 2550 to:
434 2515 673 2559 «parecchi,›»
698 2514 868 2558 «mollin
889 2513 1051 2551 anziche
1073 2514 1105 2550 oi
1126 2514 1233 2562 piu.»

403 2576 453 2620 (α)
509 2574 647 2612 vnvm..
670 2582 696 2609 t.
718 2575 910 2621 cit.,1›ag.
942 2585 1017 2621 159.

403 2634 454 2679 (3)
509 2632 691 2674 oneliosi
709 2645 867 2678 assa-gna
883 2633 917 2669 ai
935 2632 1120 2680 primordi
1136 2632 1196 2668 del
1212 2633 1345 2669 secolo
1362 2645 1399 2670 ix
1415 2634 1479 2681 (V.
1494 2634 1793 2682 anuuicu,

354 2704 417 2739 op.
440 2700 519 2730 cit..
542 2692 569 2736 Ι,
590 2702 661 2726 200
677 2705 695 2726 c
718 2694 816 2738 ποι),
840 2702 988 2727 mentre
1015 2693 1045 2727 lu
1073 2691 1173 2728 Vita
1192 2696 1232 2728 tu
1255 2692 1466 2739 intrapresa
1488 2692 1594 2740 dopo
1615 2694 1646 2729 la
1670 2701 1793 2731 morte

352 2752 391 2787 di
417 2751 534 2787 Cario
567 2750 714 2785 Nessum
736 2751 756 2784 d
767 2751 886 2786 ubbio
912 2752 982 2786 che
999 2750 1161 2798 quando
1180 2750 1211 2787 si
1235 2750 1394 2788 escluda
1414 2751 1448 2788 la
1466 2752 1713 2790 derivazione
1729 2751 1791 2790 del

352 2810 577 2856 ragguaglio
599 2809 661 2855 piu
681 2810 965 2856 compendioso
995 2810 1056 2845 dul
1090 2809 1153 2856 piu
1184 2811 1330 2858 umpio,
1365 2810 1374 2846 i
1406 2811 1580 2859 rapporii
1610 2809 1791 2849 riesc’ono

352 2869 494 2916 meglio
512 2868 673 2916 spieguii
691 2880 729 2905 sc
750 2869 770 2903 1'
791 2879 927 2906 autore
947 2870 967 2906 ὁ
986 2869 1008 2905 il
1031 2869 1261 2908 niedesimo.
