1930 3204
576 252 626 278 LA
655 250 939 277 UNIVERSIDAD
968 251 1021 277 DE
1050 249 1183 278 OSUNA
1464 245 1544 288 797

161 345 307 387 gunas
330 334 526 373 estatuas
555 328 900 382 pertenecientes
934 329 957 369 a
992 329 1056 369 las
1086 327 1289 381 antiguas
1318 325 1523 368 ciudadek
1545 326 1599 369 de

161 401 407 449 Antikaria,
427 399 646 443 Nescania
669 414 696 454 y
721 399 925 453 Singilia,
949 400 987 439 el
1010 405 1202 441 maestro
1227 399 1394 440 Pizafio
1412 397 1600 439 escribi6

162 475 230 516 los
250 487 404 515 versos
425 471 682 526 siguientes:
1655 452 1674 472 ⁰

328 588 517 627 Moribus
533 587 710 636 antiquis
728 598 962 634 generosam
979 588 1071 623 dum
1088 586 1197 635 regit
1218 586 1366 628 urbem,

354 650 459 686 Dum
480 648 591 684 nobis
610 648 767 693 lapsum
783 648 914 695 portis
934 654 969 683 et
990 647 1177 683 maenibus
1196 652 1325 687 ornat,

306 709 384 756 Qui
401 718 549 756 genete
566 714 601 744 et
621 707 707 742 vita
721 714 890 754 praestat
911 706 1138 743 Por-cellius
1156 706 1271 742 heros

353 767 514 805 Celsior
531 773 572 802 ut
591 766 742 802 cunctis
756 766 889 814 positu
910 766 1154 814 Antiquaria
1171 764 1306 813 surgit

309 827 498 869 Urbibus,
520 825 665 874 officio
684 827 743 862 sic
761 826 895 872 gentis
914 833 948 862 ee
969 825 1063 861 urbe
1080 832 1225 860 renata

356 885 492 922 Altior
511 885 738 932 insurgens,
753 885 848 933 jam
867 885 1007 921 coelum
1027 883 1174 921 vern'ce
1192 884 1338 932 tangit.

161 1019 422 1064 Ramirez
447 1019 549 1071 (Fa.
577 1019 774 1067 PEDRO),
802 1017 1025 1070 agustino,
1048 1018 1220 1058 natural
1245 1017 1297 1058 de
1326 1015 1476 1059 Zafra.

226 1090 390 1132 Siendo
412 1088 625 1130 bachiller
647 1102 699 1128 en
724 1087 938 1139 Teologia
963 1102 1040 1142 por
1069 1089 1109 1130 la
1143 1087 1422 1130 universidad
1453 1087 1600 1143 hispa—

166 1163 300 1215 lense,
333 1175 381 1203 se
404 1160 587 1202 licencib
610 1174 662 1201 en
688 1160 729 1201 la
758 1160 810 1201 de
840 1161 993 1202 Osuna
1015 1162 1040 1203 ἐι
1064 1175 1087 1215 5
1122 1161 1174 1202 de
1197 1160 1364 1202 febrero
1387 1161 1440 1202 de
1465 1161 1597 1210 1600,

163 1247 193 1289 y
213 1247 261 1274 se
284 1232 466 1275 doctorb
489 1231 566 1273 dos
589 1231 685 1273 dias
707 1231 892 1285 despues
915 1230 982 1276 (1).

165 1374 419 1420 Ramirez
441 1373 510 1420 de
530 1373 712 1419 Prado
736 1375 978 1426 (ALONso),
1005 1376 1178 1416 natural
1205 1374 1254 1415 de
1277 1374 1424 1420 Zafra.

228 1446 465 1488 Graduado
493 1446 545 1486 de
576 1444 787 1487 bachillei·
814 1459 866 1486 en
899 1446 1104 1487 Ceinones
1135 1459 1214 1499 por
1253 1446 1526 1489 salamanca·
1546 1461 1599 1488 en

168 1518 225 1561 26
247 1518 298 1559 de
320 1517 428 1558 abril
454 1517 506 1558 de
531 1516 661 1565 1556,
689 1530 735 1557 se
754 1516 938 1558 licencic')
961 1532 1014 1558 en
1039 1518 1192 1559 Osuna
1216 1519 1242 1559 ἑ
1267 1529 1322 1558 10
1340 1518 1391 1558 de
1412 1517 1596 1559 diciem-

168 1588 243 1630 bre
265 1588 317 1630 de
343 1589 456 1644 1568
482 1586 550 1633 (ἱ).

168 1732 288 1777 Roa
308 1731 516 1785 (MARTiN
541 1733 636 1782 DE),
660 1729 840 1790 jesuita,
868 1730 1038 1770 natural
1064 1730 1115 1771 de
1141 1729 1359 1772 Cbrdoba.

230 1804 298 1846 En
323 1806 376 1847 23
408 1803 461 1845 de
494 1817 623 1856 mayo
653 1803 705 1844 de
734 1802 847 1856 1576
880 1802 917 1842 el
955 1802 1003 1843 P.
1039 1801 1256 1855 Santiago
1289 1802 1341 1843 de
1363 1802 1602 1851 Valverde‚

172 1879 366 1916 maestro
400 1874 452 1916 de
486 1876 612 1915 Artes
639 1887 668 1928 y
708 1872 919 1915 Filososia
950 1887 1002 1914 en
1034 1874 1071 1914 el
1104 1873 1275 1924 colegio
1309 1873 1359 1914 de
1382 1874 1597 1920 Cbrdoba,

171 1946 212 1987 le
234 1946 418 2000 entregb
435 1958 540 1999 para
560 1946 624 1986 los
646 1944 983 1985 examinadores
1000 1944 1053 1986 de
1072 1943 1331 1985 bachilleres
1346 1943 1397 1986 de
1418 1943 1602 1994 Sevilla,

172 2018 216 2075 la
238 2018 390 2059 efidula
412 2031 499 2071 que
521 2016 648 2070 copio
670 2017 697 2058 ἐ.
719 2016 761 2057 la
790 2017 915 2058 letra:

207 2160 544 2190 PERMAGNIFICI
570 2159 629 2188 ET
652 2158 919 2189 REVERENDI
951 2157 1186 2187 ADMODUM
1217 2158 1573 2189 EXAMxNATORES

173 2265 301 2308 Mitto
321 2265 379 2306 ad
399 2280 472 2307 uos
494 2263 741 2320 discipulum
765 2278 900 2305 meum
934 2264 984 2305 M
986 2263 1171 2304 artinum
1203 2277 1228 2304 a
1261 2278 1335 2305 roa
1356 2265 1454 2308 Non
1476 2265 1524 2307 de
1545 2265 1602 2307 li-

235 2337 331 2378 teris
351 2336 419 2378 sed
441 2335 488 2377 de
513 2335 663 2376 uirtute
681 2339 718 2375 ct
736 2335 1023 2375 benemeritam
1039 2334 1186 2389 quique
1203 2349 1337 2377 omnes
1354 2335 1480 2378 libros
1494 2350 1606 2378 sum-

235 2407 446 2448 mularum
461 2404 614 2461 logicae,
630 2404 975 2461 plzilosoplziaeque
993 2405 1048 2445 ad
1067 2404 1408 2447 baclmlaureatus
1423 2406 1606 2462 gradum

236 2477 450 2532 requisitos
470 2476 497 2518 Ι
499 2491 526 2517 n
548 2475 706 2531 colegio
727 2475 931 2529 societatis
953 2477 1059 2531 Jesu
1077 2476 1315 2518 cordubensi
1329 2477 1403 2519 sub
1419 2491 1514 2519 mea
1526 2477 1607 2519 dis-

235 2547 390 2602 ciplina
412 2547 606 2589 studiosse
627 2547 792 2588 audiuit
815 2548 858 2588 in
881 2546 999 2601 cujus
1021 2548 1083 2588 rei
1104 2548 1381 2590 testimonium
1407 2553 1608 2604 presentes

234 2617 380 2659 literas
411 2618 507 2659 Meo
523 2618 684 2660 nomine
706 2618 951 2673 subscriptus
974 2617 1068 2659 dedi
1088 2618 1276 2660 cordubae
1298 2632 1352 2674 23
1376 2620 1440 2662 die,
1462 2621 1610 2663 mensis

237 2687 343 2742 maij
365 2701 476 2730 anno
498 2687 658 2730 domini
677 2688 807 2744 1576.
827 2712 886 2720 -—
908 2676 978 2745 τΙ-ἶ-
994 2687 1168 2743 jacobus
1190 2690 1226 2730 A
1254 2689 1478 2734 valverdw

227 2838 277 2886 (ι)
328 2839 494 2897 (ji-ado&
513 2851 593 2888 reg.
612 2838 683 2885 2.⁰,
705 2839 792 2876 sols.
812 2850 831 2886 3
851 2839 911 2877 v.⁰
929 2852 950 2888 y
967 2852 994 2886 4
1011 2840 1071 2880 v.⁰
1087 2841 1150 2878 del
1168 2842 1285 2878 dicho
1302 2842 1393 2880 afio.

227 2897 278 2945 (2)
329 2898 494 2947 Grudos,
512 2910 593 2946 reg.
619 2897 686 2945 1.⁰,
706 2899 775 2936 sol.
799 2899 843 2947 36
860 2899 908 2936 de
934 2900 1034 2946 1508.
