1930 3204
420 188 497 236 376
867 199 937 225 na.
968 198 1107 232 ROQUE
1136 198 1295 226 cumas

745 371 992 421 Protesta
1013 377 1081 421 de
1100 378 1185 421 En
1208 378 1419 422 Conesa

435 450 630 493 contra
662 448 715 492 la
748 448 1033 492 sentencia
1066 447 1429 493 condonando
1460 448 1540 493 las
1572 450 1753 493 obras.

683 517 750 561 de
786 517 1037 562 Arnaldo
1080 519 1147 562 de
1184 519 1472 564 Vilanova.

424 698 641 741 Noverint
679 697 868 739 universi
906 699 1021 751 quod
1058 698 1127 740 die
1163 698 1336 740 veneris
1372 713 1456 752 que
1492 699 1717 741 dicebatur
1753 703 1797 741 et

364 771 703 823 computabatur
739 777 864 811 sexto
907 770 1117 812 kalendas
1156 771 1414 812 Decembris
1451 785 1568 812 anno
1613 771 1796 814 Domini

364 829 696 892 lvi.C⁰CC.X<}1.
722 848 939 889 discretus
962 848 1027 888 vir
1047 848 1342 901 Raymundus
1362 850 1532 889 Conesa
1549 848 1796 902 prepositus

365 919 658 961 heleemosine
690 918 913 959 valentine
941 924 984 959 et
1014 919 1314 959 manumissor
1345 925 1387 960 et
1415 925 1624 974 exequtor
1653 919 1796 961 ultimi

364 991 619 1034 testamenti
644 989 906 1031 venerabilis
928 991 1124 1045 magistri
1144 990 1327 1031 Arnaldi
1348 990 1395 1031 de
1424 990 1629 1033 Vilanova
1652 1004 1794 1044 quon—

363 1065 467 1106 dam
502 1069 545 1104 et
578 1061 911 1103 administrator
946 1062 1157 1102 bonorum
1191 1075 1276 1115 que
1308 1061 1482 1104 fuerunt
1516 1062 1711 1116 ejusdem
1745 1076 1798 1106 ac

365 1141 620 1189 procurator
653 1132 851 1186 magistri
890 1132 1008 1174 Petri
1037 1133 1088 1173 de
1119 1132 1339 1175 Vilanova
1366 1134 1538 1188 nepotis
1573 1135 1796 1188 quondam

364 1207 466 1248 dicti
491 1205 691 1259 magistri
715 1204 912 1254 Arnaldi,
938 1218 1013 1257 per
1036 1217 1106 1245 me
1127 1205 1340 1260 jacobum
1366 1205 1544 1247 Martini
1575 1206 1795 1248 notarium

366 1278 590 1331 publicum
616 1276 818 1318 Valentie
836 1288 983 1316 coram
1004 1275 1261 1317 Reverendo
1284 1282 1405 1330 patre
1423 1276 1600 1319 domino
1618 1277 1798 1320 domino

365 1349 634 1404 Raymundo
656 1346 803 1388 divina
827 1345 1107 1387 miseratione
1126 1346 1344 1400 Episcopo
1362 1347 1616 1397 Valentino,
1638 1348 1682 1390 in
1701 1362 1799 1403 pre-

364 1422 505 1463 sentia
527 1419 684 1462 notarii
708 1423 752 1459 et
775 1417 956 1458 testium
982 1417 1360 1472 infrascriptorum
1397 1419 1452 1460 ad
1486 1419 1569 1460 hoc
1597 1420 1795 1473 speciali·

364 1500 431 1534 ter
453 1497 710 1534 vocatorum
734 1495 778 1531 et
800 1494 1073 1542 rogatorum,
1100 1489 1186 1542 legi
1210 1495 1253 1530 et
1276 1490 1489 1546 publicari
1513 1490 1614 1533 fecit
1643 1505 1794 1545 quam-

369 1564 471 1606 dam
496 1562 761 1616 scripturam
788 1559 1047 1614 hujusmodi
1071 1561 1392 1602 continentem:
1417 1563 1467 1604 In
1492 1562 1710 1615 presentia
1729 1575 1801 1605 me

364 1634 522 1675 notarii
546 1639 588 1674 et
611 1633 790 1675 testium
816 1632 1193 1685 infrascriptorum
1217 1633 1271 1674 ad
1295 1632 1377 1675 hoc
1401 1634 1648 1687 specialiter
1669 1647 1802 1676 voca-

366 1710 511 1747 torum
534 1710 578 1745 et
600 1710 852 1757 rogatorum
878 1702 1015 1746 Vobis
1040 1703 1296 1745 Reverendo
1319 1703 1364 1745 in
1383 1705 1559 1747 Christo
1578 1706 1687 1760 patri
1710 1706 1803 1747 Do-

366 1777 487 1819 mino
513 1775 779 1830 Raymundo
803 1774 950 1816 divina
983 1775 1264 1816 miseratione
1294 1776 1515 1830 Episcopo
1540 1777 1797 1829 Valentino,

365 1862 447 1901 ego
492 1848 784 1902 Raymundus
822 1847 995 1889 Conesa
1038 1847 1286 1901 prepositus
1325 1847 1622 1891 heleemosine
1674 1849 1801 1893 Sedis

367 1918 571 1961 Valentie
605 1933 657 1960 ac
691 1917 989 1959 manumissor
1021 1932 1097 1959 seu
1131 1925 1340 1972 exequtor
1371 1920 1515 1962 ultimi
1545 1921 1799 1963 testamenti

367 1990 628 2032 venerabilis
653 1989 849 2043 magistri
874 1989 1053 2031 Arnaldi
1076 1990 1128 2031 de
1153 1990 1373 2033 Vilanova
1405 1993 1626 2046 quondam
1658 1999 1702 2034 et
1725 1993 1799 2036 ad-

368 2062 641 2104 ministrator
663 2062 877 2103 bonorum
909 2059 1018 2114 ejus,
1045 2061 1227 2102 nomine
1257 2062 1370 2104 dicte
1394 2064 1731 2107 manumissorie
1758 2070 1800 2107 et

368 2132 780 2183 administrationis,
820 2147 871 2174 ac
910 2133 1091 2174 nomine
1124 2134 1415 2187 procuratoris
1449 2135 1648 2189 magistri
1683 2137 1799 2178 Petri

367 2206 420 2247 de
441 2205 661 2247 Vilanova
683 2204 853 2259 nepotis
876 2203 980 2246 dicti
1006 2204 1206 2259 magistri
1232 2205 1427 2256 Arnaldi,
1453 2206 1632 2248 notifico
1654 2212 1697 2249 et
1719 2221 1801 2249 no-

366 2275 573 2318 tificando
595 2276 862 2327 demonstro,
887 2275 1056 2317 noviter
1077 2275 1133 2318 ad
1162 2289 1307 2318 meam
1341 2277 1609 2320 audientiam
1640 2292 1796 2332 perve-

368 2347 499 2397 nisse,
523 2346 637 2399 quod
661 2346 792 2388 frater
815 2347 1056 2389 Bernartius
1075 2348 1229 2389 Duran
1252 2347 1302 2389 de
1325 2348 1486 2391 Ordine
1503 2348 1684 2392 fratrum
1710 2365 1801 2406 pre-

367 2418 610 2461 dicatorum
636 2419 704 2459 die
727 2418 923 2471 proxime
947 2418 1151 2472 preterita
1175 2418 1216 2460 in
1239 2419 1423 2462 ecclesia
1446 2419 1571 2463 beate
1594 2423 1799 2466 Katerine

370 2490 413 2532 in
435 2490 611 2531 civitate
635 2490 836 2531 Valentie
859 2496 901 2531 et
923 2489 966 2532 in
990 2503 1193 2531 sermone
1215 2490 1388 2543 publico
1411 2505 1558 2534 coram
1583 2493 1702 2535 omni
1723 2508 1799 2549 po-

369 2562 471 2616 pulo
498 2560 602 2601 inibi
626 2567 890 2614 congregato
915 2561 1173 2615 propalavit,
1198 2561 1497 2605 manifestavit
1524 2570 1566 2605 et
1600 2564 1799 2619 publica-

369 2631 430 2674 vit
452 2631 567 2686 quod
591 2631 767 2685 quidam
794 2646 1022 2685 processus
1054 2630 1134 2673 fuit
1168 2632 1338 2675 noviter
1369 2632 1511 2676 factus
1544 2635 1588 2677 in
1616 2636 1801 2679 eeclesia

367 2701 719 2745 Terrachonensi
746 2717 821 2756 per
843 2703 1129 2757 prepositum,
1154 2704 1446 2758 eumdemque
1469 2706 1681 2749 vicarium
1707 2707 1797 2750 Te-

368 2773 707 2815 trachonensem
732 2773 845 2815 (licta
869 2774 970 2816 sede
999 2779 1184 2817 vacante
1212 2777 1266 2818 ad
1290 2776 1621 2830 requisitionem
1648 2780 1711 2821 vel
1736 2779 1802 2822 in-

368 2845 577 2887 stantiam
608 2846 896 2899 quorumdam
922 2844 1106 2889 fratrum
1141 2846 1463 2902 predicatorum
1496 2854 1541 2892 et
1576 2850 1799 2893 minorum
