1930 3204
616 277 804 306 ARNALno
833 277 888 304 DE
914 277 1126 305 νιιοΝονΑ
1449 272 1531 314 377

145 357 214 399 vel
248 356 452 407 aliorum,
487 356 532 398 in
569 369 653 410 quo
691 355 868 409 quidem
905 368 1110 408 processu
1151 359 1255 396 sunt
1287 353 1584 396 condemnata

144 429 334 483 quedam
358 442 490 483 opera
520 427 624 470 dicti
652 426 851 481 magistri
879 426 1079 475 Arnaldi,
1107 425 1383 468 nominando
1419 430 1462 466 et
1484 437 1585 478 spe·

146 499 361 542 cificando
383 498 503 542 dicta
523 512 673 552 opera:
703 511 836 552 quare
867 496 1106 539 affirmavit
1137 497 1279 539 dictus
1315 496 1447 538 frater
1470 497 1583 536 Ber-

146 570 323 621 nardus,
344 570 461 624 quod
482 571 749 625 quicumque
771 569 929 611 amodo
952 574 1118 610 teneret
1148 569 1265 610 dicta
1298 582 1444 622 opera,
1468 572 1586 609 esset

145 641 510 683 excomunicatus
532 647 574 682 et
596 641 710 694 quod
734 640 818 682 hoc
840 640 1085 694 specialiter
1107 640 1280 681 volebat
1304 639 1360 680 ibi
1384 638 1586 692 publica-

147 727 194 756 re
216 718 260 755 et
282 712 423 755 dicere
445 713 546 766 quia
569 717 661 753 erat
680 716 824 753 certus
840 711 956 765 quod
974 711 1100 753 multi
1115 717 1158 752 et
1177 710 1381 764 precipue
1401 710 1453 750 de
1472 722 1584 750 mer-

147 782 370 826 catoribus
394 783 500 825 inibi
522 782 778 824 assistentes
801 782 1107 835 intelligebant
1131 795 1250 834 eum,
1284 787 1327 821 et
1350 780 1413 822 sic
1442 793 1585 833 gene-

147 854 297 898 raliter
317 868 474 896 omnes
496 853 746 895 informavit
768 868 822 895 ne
840 854 1033 908 predicta
1056 867 1189 907 opera
1211 858 1416 894 tenerent
1439 865 1520 893 nec
1539 850 1583 892 in

148 925 213 968 eis
237 927 451 979 legerent,
478 939 559 967 nec
580 939 631 966 ea
655 925 785 967 modo
807 926 952 979 aliquo
975 930 1307 978 pertractarent.
1330 923 1455 966 Unde
1479 936 1582 964 cum

149 997 371 1054 predictus
395 1010 641 1051 processus,
668 996 704 1038 si
729 996 824 1050 quis
846 996 988 1038 factus
1011 996 1091 1038 fuit
1124 1003 1279 1037 contra
1313 1009 1446 1049 opera
1478 994 1583 1036 dieti

149 1069 348 1124 magistri
372 1068 569 1119 Arnaldi,
589 1068 726 1123 fuerit
742 1068 839 1123 juri
858 1069 1087 1110 contrarius
1119 1073 1155 1110 et
1187 1082 1212 1108 a
1245 1082 1327 1109 non
1356 1082 1427 1108 suo
1443 1066 1585 1120 judice

141 1140 299 1196 sactus,
319 1154 422 1182 cum
441 1141 620 1181 stimare
638 1154 767 1194 super
789 1139 875 1181 fide
897 1140 964 1181 vel
984 1140 1216 1193 questione
1235 1139 1334 1180 fidei
1359 1139 1413 1179 ad
1437 1138 1583 1178 solum

151 1211 315 1255 Christi
354 1211 581 1253 Vicarium
616 1217 660 1252 et
696 1225 973 1253 succesorem
1014 1210 1150 1252 beatri
1191 1210 1308 1252 Petri
1347 1210 1579 1264 pertineat,

150 1283 261 1326 idest
276 1283 331 1326 ad
354 1283 591 1325 Summum
614 1282 894 1348 Pontificem,
917 1289 966 1324 ut
991 1283 1150 1336 legitur
1169 1283 1212 1324 in
1238 1295 1418 1336 corpore
1436 1281 1584 1322 decre-

340 1375 357 1392 fl
473 1375 490 1392 a

150 1407 295 1444 torum
318 1416 375 1444 xx
401 1435 410 1446 .
436 1414 506 1444 1111
531 1433 542 1443 .
563 1402 788 1456 questione
810 1402 951 1457 prima
978 1435 986 1444 .
1008 1416 1031 1444 c
1057 1435 1066 1444 .
1100 1403 1296 1458 quotiens,
1330 1407 1371 1443 et
1395 1404 1576 1442 notatur

150 1510 350 1551 expresse
380 1530 388 1539 .
415 1497 540 1538 Lxxx
565 1529 575 1539 .
601 1497 858 1538 distintione
893 1531 903 1540 .
925 1512 948 1540 c
971 1532 981 1542 .
1005 1478 1038 1540 1⁰1
1061 1530 1069 1538 .
1103 1503 1145 1539 et
1175 1510 1308 1538 causa
1337 1495 1437 1536 fidei
1469 1494 1586 1536 inter

153 1567 342 1622 majores
365 1582 521 1610 causas
543 1574 880 1610 connumeretur
901 1583 1010 1623 quas
1033 1583 1236 1610 summus
1273 1566 1467 1621 pontifex
1500 1565 1582 1606 sibi

152 1639 400 1694 specialiter
436 1639 689 1695 reservavit,
725 1646 773 1681 ut
806 1641 998 1694 predicta
1032 1642 1236 1694 leguntur
1269 1645 1494 1689 extravag.
1535 1637 1588 1678 de

151 1713 352 1763 translat,
380 1711 589 1765 Episcopi
616 1712 681 1752 vel
705 1712 829 1753 electi
857 1743 866 1753 .
888 1726 910 1753 c
932 1744 941 1754 .
970 1712 1112 1766 primo
1135 1718 1327 1754 ,extrav.
1362 1710 1414 1751 de
1437 1708 1586 1749 officio

156 1783 287 1838 legati
313 1817 321 1827 .
339 1797 362 1825 c
383 1816 393 1826 .
420 1783 534 1837 quod
552 1783 902 1824 translationem.
924 1791 1091 1825 extrav.
1113 1784 1165 1824 de
1185 1783 1404 1836 baptismo
1425 1788 1468 1822 et
1491 1779 1587 1833 ejus

153 1853 312 1897 effectu
347 1886 357 1896 .
383 1869 406 1896 c
432 1887 441 1896 .
477 1853 680 1908 majores,
712 1868 812 1896 cum
851 1855 1002 1896 multis
1037 1855 1136 1896 aliis
1169 1860 1211 1895 et
1243 1853 1475 1894 similibus.
1514 1851 1589 1892 Sic

153 1925 285 1968 etiam
317 1931 360 1968 et
390 1925 522 1967 fuerit
554 1926 697 1967 dietus
730 1939 975 1979 processus,
1012 1927 1048 1968 si
1083 1926 1179 1980 quis
1213 1925 1355 1967 faetus
1389 1930 1472 1974 est,
1498 1936 1587 1965 non

155 1996 376 2039 modicum
399 1997 659 2038 temerarius
683 2003 834 2050 utpote
858 2005 1008 2039 contra
1033 1998 1316 2039 inhibitiones
1334 1997 1386 2038 de
1405 2008 1588 2049 expresa

156 2066 429 2110 consciencia
447 2068 678 2109 ‘recolende
702 2068 912 2109 memorie
935 2069 1103 2110 domini
1128 2068 1373 2110 Clementis
1393 2080 1505 2121 pape
1524 2066 1582 2108 V.

156 2137 293 2182 factas
314 2153 391 2194 per
411 2140 669 2181 reverendos
691 2139 734 2181 in
765 2139 942 2182 Christo
972 2147 1116 2194 patres
1144 2140 1374 2182 dominum
1410 2140 1580 2179 Beren-

156 2210 328 2264 garium
366 2210 651 2265 presbiterum
690 2212 956 2253 cardinalem
994 2218 1100 2253 tunc
1131 2210 1308 2254 Summi
1350 2209 1581 2252 Pontificis

156 2281 526 2336 penitentiarium,
548 2295 628 2323 nec
644 2296 731 2323 non
751 2283 979 2324 dominum
1000 2286 1057 2324 A.
1079 2284 1336 2337 episcopum
1359 2282 1585 2336 pictaven.

157 2357 264 2394 tunc
297 2350 491 2406 ejusdem
525 2353 689 2394 summi
722 2353 943 2407 pontificis
972 2354 1280 2404 camerarium,
1319 2353 1363 2395 in
1397 2366 1587 2407 quorum

159 2422 315 2465 litteris
336 2423 386 2465 fit
409 2423 571 2465 mentio
594 2425 778 2477 qualiter
804 2425 945 2467 dictus
977 2426 1190 2467 Summus
1221 2425 1427 2468 Pontifex
1456 2438 1589 2479 opera

158 2492 276 2535 edita
303 2507 379 2548 per
406 2494 575 2536 dictum
607 2495 866 2549 magistrum
898 2497 1146 2539 Arnaldum
1179 2502 1223 2538 et
1245 2500 1482 2552 presentata
1516 2500 1591 2551 per

158 2563 341 2606 eumdem
357 2564 551 2614 admisit,
573 2566 764 2620 precepit
781 2567 997 2609 asservari
1015 2574 1058 2608 et
1075 2581 1154 2608 suo
1169 2574 1211 2610 et
1230 2568 1445 2623 apostolice
1467 2565 1589 2608 Sedis

158 2634 340 2676 examini
359 2637 588 2687 reservavit,
611 2651 712 2679 cum
738 2637 956 2691 predictus
979 2638 1190 2692 magister
1208 2638 1435 2680 Arnaldus
1453 2650 1590 2692 spon-

159 2707 204 2746 te
229 2710 350 2747 motu
371 2706 544 2760 proprio
573 2721 619 2750 se
641 2714 683 2750 et
705 2709 820 2751 dicta
841 2723 972 2763 opera
996 2709 1249 2763 subjecisset
1272 2708 1474 2755 examini,
1489 2722 1594 2762 apo·

161 2774 314 2817 stolice
336 2777 581 2820 sanctitatis
602 2785 644 2820 et
660 2780 776 2821 sedis
797 2780 1008 2834 ejusdem.
1033 2782 1102 2823 Ex
1124 2781 1284 2835 quibus
1305 2780 1527 2834 colligitur
1543 2779 1590 2821 in

161 2851 312 2899 aperto
333 2848 448 2900 quod
470 2849 706 2902 publicatio
727 2857 770 2892 et
799 2851 1097 2894 manifestatio
1121 2852 1223 2894 dicti
1248 2852 1385 2906 iniqui
1410 2863 1588 2906 proces-

163 2921 239 2958 sus
261 2915 379 2960 facta
399 2931 477 2972 per
498 2919 664 2963 dictum
686 2921 865 2964 fratrem
890 2924 1165 2967 Bernardum
1193 2923 1277 2966 fuit
1299 2923 1424 2966 valde
1446 2928 1590 2964 teme·
