1930 3204
588 279 783 324 tiammo
811 280 868 308 DE
894 280 1103 310 νιιΑΝονΑ
1422 283 1501 323 379

118 355 183 399 sie
219 355 507 399 Muriveteris
540 371 618 400 seu
651 356 744 412 ejus
778 357 955 400 Vicario
990 359 1059 400 vel
1095 359 1242 402 locum
1278 360 1446 402 tenenti
1479 374 1558 415 per

117 433 357 482 presentes,
401 428 608 482 quatinus
645 427 945 472 Gombaldum
982 428 1034 470 de
1068 429 1178 471 Pilis
1219 430 1410 473 vicinum
1449 431 1554 474 dicti

119 497 207 540 loci
231 512 363 552 quem
387 513 463 554 per
486 503 812 554 procuratorem
836 498 974 553 ipsius
1004 500 1059 542 ad
1088 499 1172 542 hoc
1204 501 1390 555 speciale
1420 516 1551 544 man-

119 569 275 613 datum
299 569 537 613 habentem
561 570 662 613 licet
684 570 911 613 absentem
944 571 1000 613 ad
1031 572 1249 614 cautelam
1281 572 1556 616 absolvimus

116 639 245 696 juxta
278 640 466 684 formam
500 641 682 684 ecclesie
712 647 987 693 consuetam,
1019 643 1075 685 ab
1103 643 1308 686 omnibus
1330 650 1420 686 tam
1441 644 1555 699 juris

126 726 259 766 quam
274 712 438 768 judicis
454 713 685 755 sententiis
706 712 861 767 quibus
877 713 1170 756 denunciatus
1187 715 1327 758 suerat
1344 730 1551 757 excomu-

123 783 296 827 nicatus
318 798 394 839 per
416 784 595 827 fratrem
621 783 906 826 Guillelmum
932 785 983 827 de
1005 785 1291 828 Caucolibero
1313 788 1482 829 dicente
1505 802 1554 830 se

123 853 430 910 inquisitorem
454 855 499 897 in
523 860 617 897 toto
639 855 836 898 dominio
865 856 968 898 dicti
991 857 1127 911 Regis
1150 859 1419 912 Aragonum,
1441 873 1550 913 qua-

130 939 320 979 cumque
342 926 575 968 occasione
597 939 674 968 seu
704 940 837 969 causa
867 927 1102 970 denunciet
1130 929 1398 972 absolutum.
1423 929 1552 971 Inhi-

118 997 273 1039 bentes
294 996 473 1053 insuper
496 1011 551 1039 ne
574 997 803 1052 quisquam
828 1005 1021 1040 vestrum
1046 1006 1198 1041 contra
1221 1014 1354 1054 opera
1387 1001 1454 1042 vel
1480 1007 1549 1042 te-

119 1074 276 1111 nentes
307 1082 360 1111 ea
398 1068 590 1123 ipsorum
626 1083 807 1123 operum
847 1071 1078 1113 occasione
1115 1072 1348 1126 quisquam
1387 1079 1548 1114 attem-

118 1145 242 1194 ptare
266 1147 489 1194 presumat
510 1141 647 1182 donec
674 1141 788 1183 idem
813 1142 1020 1184 dominus
1042 1150 1191 1185 noster
1212 1144 1264 1185 de
1287 1144 1411 1197 cujus
1435 1150 1553 1186 certa

118 1217 163 1254 et
191 1225 398 1266 expressa
421 1211 612 1254 sciencia
634 1219 676 1254 et
700 1214 911 1256 mandato
934 1214 1013 1255 hec
1036 1215 1185 1256 omnia
1218 1215 1403 1257 fecimus
1434 1215 1552 1258 aliud

119 1281 175 1324 de
199 1282 460 1336 supradictis
482 1283 685 1337 operibus
702 1284 874 1326 duxerit
896 1286 1204 1327 ordinandum.
1227 1288 1395 1328 Datum
1431 1289 1548 1340 Lug-

119 1353 224 1397 duni
254 1353 321 1395 die
351 1354 519 1396 sabbati
566 1362 664 1409 post
699 1355 858 1398 festum
894 1357 1019 1398 beate
1052 1357 1165 1399 lucie
1198 1358 1398 1412 virginis,
1435 1371 1552 1400 anno

123 1449 324 1493 Domini.
350 1429 552 1494 {LCOCQ
585 1450 754 1505 quinto,
791 1452 1079 1493 Pontificatus
1108 1452 1274 1494 domini
1306 1453 1550 1495 Clementis

125 1521 244 1577 Pape
281 1522 439 1576 quinti,
463 1535 580 1564 anno
611 1522 767 1576 primo.
800 1523 858 1564 Et
886 1523 988 1576 quia
1015 1523 1208 1577 sigillum
1243 1524 1551 1566 Cardinalatus

118 1593 260 1636 nostri
283 1593 478 1636 nondum
498 1592 786 1645 habebamus,
806 1592 950 1647 sigillo
968 1599 1119 1635 nostro
1142 1601 1308 1636 secreto
1333 1596 1551 1648 pendente

118 1670 344 1719 presentes
366 1665 533 1708 litteras
555 1665 760 1707 duximus
783 1666 1068 1708 roborandas.

176 1735 346 1778 Littere
369 1736 473 1778 dicti
509 1736 756 1778 Reverendi
780 1737 944 1778 domini
970 1738 1147 1779 Arnaldi
1174 1738 1384 1791 Episcopi
1415 1738 1549 1791 picta-

116 1806 266 1850 vensis
287 1813 390 1850 sunt
414 1807 571 1850 inserte
595 1808 636 1850 in
660 1808 850 1862 quodam
874 1808 1048 1863 publico
1071 1809 1363 1850 instrumento
1387 1808 1551 1863 scripto

121 1883 167 1920 et
201 1878 376 1934 signato
414 1894 491 1934 per
527 1879 779 1936 Johannem
819 1880 872 1922 de
908 1881 1020 1922 areis
1060 1881 1278 1922 notarium
1322 1881 1548 1935 publicum

125 1950 317 1993 Marsilie
334 1965 384 1993 ac
402 1951 661 1993 comitatum
681 1950 904 2004 prouincie
921 1956 963 1991 et
978 1950 1126 1993 forche
1146 1951 1199 2004 (?)
1214 1965 1331 1993 anno
1349 1951 1550 1993 incarna-

123 2045 257 2088 tionis
287 2046 452 2089 domini
485 2046 622 2088 nostri
658 2046 934 2104 Jesuchristi.
966 2025 1258 2090 MC⁰CQ⁰XL
1292 2046 1545 2088 indictione.

119 2140 176 2186 X.
199 2120 276 2197 xoij.
301 2141 523 2184 Kalendas
546 2140 764 2182 fsebruarii
788 2140 894 2183 hora
910 2141 1026 2184 circa
1047 2155 1266 2197 vesperas,
1291 2147 1417 2183 tenor
1434 2155 1543 2195 qua-

122 2225 220 2254 rum
244 2213 487 2255 litterarum
512 2212 754 2255 dinoscitur
774 2227 869 2255 esse
891 2213 1010 2255 talis:

183 2284 411 2326 Arnaldus
433 2283 501 2325 dei
523 2288 566 2325 et
587 2284 827 2338 apostolice
846 2284 960 2325 sedis
982 2284 1125 2338 gratia
1141 2284 1389 2338 Episcopus
1412 2282 1550 2336 picta-

125 2355 276 2397 vensis
301 2355 467 2397 domini
497 2354 633 2398 nostri
661 2354 824 2396 summi
853 2354 1073 2409 pontificis
1101 2354 1383 2397 camerarius.
1418 2354 1544 2396 Reli-

120 2425 246 2480 gioso
283 2425 375 2468 viro
413 2424 534 2467 fratri
571 2424 775 2467 Michaeli
813 2424 978 2466 ordinis
1015 2425 1198 2468 fratrum
1236 2425 1457 2467 minorum
1501 2425 1545 2466 in

122 2497 304 2550 aquensi
325 2496 551 2551 provincia
571 2502 614 2538 et
638 2496 736 2538 aliis
758 2495 1083 2550 inquisitoribus
1106 2496 1297 2538 heretice
1319 2496 1548 2550 pravitatis

126 2566 391 2620 ubicumque
413 2566 661 2609 constitutis
682 2573 725 2608 et
748 2566 971 2620 quibusvis
993 2567 1090 2609 aliis
1111 2567 1165 2610 ad
1186 2581 1296 2622 quos
1324 2572 1549 2622 presentes

123 2638 269 2679 littere
291 2637 580 2691 pervenerint,
607 2637 807 2680 Salutem
843 2637 884 2678 in
914 2637 1104 2681 domino.
1129 2638 1242 2681 Cum
1267 2637 1371 2680 olim
1404 2637 1548 2692 magi-

126 2713 215 2750 ster
237 2708 456 2750 Arnaldus
477 2708 529 2749 de
550 2708 771 2750 Vilanova
794 2707 986 2762 phisicus
1017 2709 1122 2751 dum
1145 2708 1289 2751 adhuc
1311 2709 1477 2750 viveret
1501 2722 1549 2751 se

124 2779 273 2834 ipsum
297 2783 338 2821 et
354 2792 489 2821 omnes
509 2780 732 2835 scripturas
748 2784 823 2835 per
843 2794 934 2822 eum
960 2779 1088 2821 editas
1110 2780 1440 2829 examinationi,
1462 2780 1555 2821 dis-r

122 2848 295 2891 cusioni
318 2854 362 2891 et
383 2847 547 2903 judicio
573 2850 689 2892 sedis
717 2850 954 2904 apostolice
990 2856 1111 2892 motu
1146 2851 1319 2906 proprio
1353 2851 1544 2892 exabun-

122 2919 258 2962 dante
280 2924 323 2961 et
349 2923 502 2974 sponte
530 2919 776 2974 subjecerit,
807 2919 1084 2963 universitati
1107 2926 1251 2963 vestre
1278 2927 1322 2962 et
1350 2927 1545 2962 vestrum
