2040 3236
501 235 588 275 29²
871 225 969 272 jose
998 237 1038 264 R.
1070 237 1209 264 LoMBA
1236 237 1261 264 Y
1291 238 1469 275 PEDRAJA

456 311 752 356 confabulada
773 327 855 355 con
878 315 946 355 los
969 312 1117 367 judios
1144 317 1168 356 6
1195 314 1467 369 instigadora
1497 315 1551 358 de
1579 317 1645 358 los
1671 316 1898 359 crimenes

453 384 525 426 del
548 384 648 440 Rey
672 385 683 431 (
692 384 741 432 1).
764 385 838 428 Un
859 398 1066 428 romance
1088 387 1272 440 popular
1293 387 1445 430 sefiala
1464 389 1491 430 a
1515 389 1640 430 Dor‘ta
1667 388 1808 430 Maria
1834 388 1897 431 de·

450 535 501 572 de
520 537 774 582 Bohemiens,
794 537 879 574 leur
897 538 991 575 bari
1013 526 1198 584 crdfflsa,
1225 546 1382 586 partant
1405 539 1657 576 consommee
1682 538 1780 575 dans
1803 539 1889 576 l'art

457 595 507 632 de
526 607 708 644 preparer
726 597 781 632 les
810 597 986 645 philtres.
1013 598 1365 635 Malhereusement
1395 598 1448 634 les
1475 598 1712 635 Bohemiens
1739 609 1790 634 ne
1821 609 1897 645 pa-

448 663 588 692 rurent
603 667 724 703 guere
741 667 791 692 en
808 657 969 704 Europe
983 658 1108 705 qu'un
1127 656 1241 693 siecle
1260 657 1348 704 plus
1366 657 1488 695 tard.»

594 728 812 776 (Merimee,
826 729 1019 767 Histoire
1034 730 1084 765 de
1098 729 1189 766 Don
1207 730 1339 766 Pedre
1355 730 1396 767 I:
1414 730 1532 774 Paris,
1556 730 1660 776 1874,
1680 730 1768 777 pag.
1792 732 1897 777 109.)-

493 823 547 871 (1)
602 824 739 860 «Dicto
765 824 883 861 etiam
910 825 1077 861 durante
1105 834 1295 872 tempore,
1315 825 1451 860 Petrus
1468 825 1552 861 Rex
1569 823 1747 861 Castellae
1766 824 1888 860 Blan-

443 882 559 919 cham
579 883 700 919 filiam
720 884 814 921 dicti
833 884 944 921 ducis
964 884 1152 921 Borbonii
1171 884 1282 920 duxit
1300 884 1341 920 in
1359 895 1537 920 uxoremt
1556 893 1675 931 quam
1694 881 1721 920 ὁ,
1748 882 1889 930 princi-

445 942 514 990 pio
532 942 740 979 tenerrime
766 943 915 987 dilexit,
935 952 974 979 et
1000 942 1153 987 merito,
1182 954 1271 979 curn
1298 951 1397 979 esset
1421 942 1681 990 pulcherrima
1707 953 1887 989 corpore,

442 1010 483 1038 et
502 1002 681 1038 moribus
710 1002 927 1038 admodum
956 1002 1161 1048 adornata;
1192 1001 1260 1038 sed
1289 1002 1449 1037 demum
1476 1002 1567 1038 satis
1592 1001 1684 1047 cito,
1700 1002 1894 1050 „daemone

441 1070 645 1109 operante,
677 1062 800 1110 ipsam
832 1062 1060 1098 mirabiliter
1088 1061 1226 1098 habuit
1254 1061 1445 1109 ingratam
1475 1070 1514 1098 et
1542 1073 1715 1098 exosam:
1745 1069 1784 1098 et
1810 1061 1893 1097 hoc-

446 1130 698 1168 procurante,
733 1130 779 1157 ut
807 1121 964 1165 dicitur,
997 1121 1167 1169 quadam
1196 1121 1371 1165 muliere,
1398 1131 1518 1168 quam
1552 1120 1727 1168 perprius
1757 1119 1895 1156 dictus

440 1180 527 1217 Rex
541 1181 805 1226 adamaverat,
825 1191 916 1229 qua:
932 1181 1070 1217 videns
1088 1192 1127 1217 se
1146 1192 1213 1228 per
1230 1181 1379 1217 dictum
1409 1181 1555 1228 Regem
1586 1189 1743 1228 propter
1760 1179 1884 1227 ipsam

443 1239 609 1276 habueri
627 1240 891 1287 contemptui,
925 1240 1047 1275 immo
1066 1249 1104 1276 et
1123 1240 1296 1275 totaliter
1325 1239 1563 1287 derelictam,
1588 1238 1808 1275 machinata
1829 1247 1889 1275 est

444 1299 584 1335 odium
604 1310 723 1347 supra
741 1299 907 1345 dictum;
934 1307 973 1335 et
990 1298 1063 1335 hoc
1082 1310 1149 1346 per
1166 1299 1356 1344 medium,
1381 1310 1449 1335 seu
1479 1298 1739 1335 ministerium
1766 1296 1894 1334 unius

444 1358 588 1405 Judaei,
607 1359 678 1406 qui
695 1359 810 1396 etiam
830 1359 1016 1395 adversus
1031 1358 1176 1394 dictam
1195 1357 1385 1406 Reginam
1414 1357 1625 1404 spetialiter
1642 1356 1888 1404 conspirave-

445 1427 518 1464 rat,
540 1430 611 1466 pro
631 1430 679 1455 eo
696 1419 789 1466 quia
809 1418 904 1466 ipsa,
921 1418 1058 1455 videns
1071 1418 1178 1466 quod
1198 1426 1276 1453 tam
1294 1417 1389 1464 ipse,
1409 1429 1528 1465 quam
1561 1417 1693 1464 plures
1709 1416 1775 1452 alii
1793 1415 1895 1464 legis

446 1489 531 1514 suae
548 1478 818 1525 multipliciter
837 1478 1140 1515 frecuentabant
1155 1477 1305 1513 dictum
1322 1478 1481 1524 Regem,
1498 1477 1773 1524 habebantque
1787 1476 1887 1512 mul·

445 1546 508 1574 tos
526 1538 681 1575 favores
698 1547 736 1574 et
754 1538 926 1574 honores
945 1538 983 1573 in
1015 1538 1122 1574 curia
1150 1549 1235 1581 sua,
1266 1536 1342 1585 jam
1370 1537 1558 1573 tractabat
1584 1546 1622 1573 et
1651 1536 1886 1583 disponebat

443 1596 555 1644 quod
572 1597 623 1632 ab
641 1596 700 1632 his
717 1597 990 1643 retraheretur,
1012 1597 1133 1633 immo
1151 1605 1189 1633 et
1210 1596 1232 1633 a
1249 1607 1371 1643 regno
1394 1596 1564 1633 totaliter
1583 1595 1883 1644 expellerentur.

441 1656 486 1692 ln
501 1668 586 1704 quo
603 1656 739 1692 eadem
762 1656 907 1703 Regina
929 1656 1060 1692 minus
1077 1668 1117 1692 se
1136 1656 1250 1692 caut'e
1266 1655 1418 1701 habuit,
1435 1667 1524 1692 curn
1544 1655 1633 1691 talia
1651 1666 1671 1691 a
1691 1654 1894 1703 principio

439 1715 634 1761 debuerit,
653 1725 722 1752 aut
738 1716 787 1752 ad
807 1725 964 1763 tempus
982 1715 1240 1760 dissimulare,
1269 1723 1338 1752 aut
1363 1715 1416 1751 sic
1433 1714 1547 1751 caute
1565 1723 1603 1751 et
1621 1714 1752 1751 oculte
1779 1722 1883 1751 trac-

437 1782 535 1820 tare,
560 1775 670 1823 quod
689 1775 855 1811 omnino
886 1775 1021 1811 lateret
1051 1786 1119 1811 eos
1144 1775 1213 1822 qui
1242 1774 1516 1822 tangebantur,
1547 1785 1597 1810 ne
1622 1781 1882 1821 sequerentur

438 1845 531 1882 quae
549 1843 681 1882 postea
709 1843 802 1871 sunt
828 1835 1085 1882 subsequuta.
1108 1834 1250 1870 Modus
1275 1843 1405 1870 autem
1425 1832 1637 1880 apertionis
1661 1841 1699 1868 et
1717 1832 1878 1868 inchoa·

437 1894 559 1930 tionis
577 1895 658 1930 odii
678 1903 714 1931 et
734 1894 1027 1942 ingratitudinis
1045 1892 1276 1941 hujusmodi
1294 1893 1380 1938 fuit,
1410 1902 1453 1929 ut
1477 1891 1631 1933 dicitur,
1652 1891 1759 1939 quod
1779 1891 1884 1928 dicta

444 1953 594 2001 Regina
615 1953 775 1989 dederat
791 1953 917 1989 eidem
944 1951 1039 1998 Regi
1064 1963 1183 1987 unam
1212 1962 1351 1988 zonam
1378 1961 1534 1987 auream
1563 1949 1885 1997 pulcherrimam,

443 2024 565 2060 quam
587 2012 668 2060 ipse
688 2012 903 2048 admodum
923 2020 1071 2059 gratam
1092 2011 1253 2057 habens,
1272 2010 1414 2056 saepius
1432 2021 1502 2058 pro
1525 2009 1585 2046 sui
1615 2018 1758 2045 ornatu
1777 2009 1880 2046 defe-

439 2073 564 2109 rebat.
595 2071 704 2108 Dicta
729 2079 860 2108 autem
887 2071 1041 2117 mulier,
1062 2070 1183 2118 ipsius
1207 2070 1366 2118 Reginae
1389 2068 1545 2113 aemula,
1573 2068 1697 2105 calide
1723 2078 1881 2116 operata

438 2141 497 2169 est
516 2132 626 2180 quod
647 2141 724 2168 tam
745 2132 841 2179 ipsa,
861 2142 979 2179 quam
1000 2131 1128 2167 dictus
1146 2130 1305 2167 Judaeus
1321 2140 1461 2166 zonam
1490 2129 1611 2175 ipsam
1640 2128 1883 2172 habuerunt,

435 2200 478 2228 et
497 2200 579 2227 arte
598 2191 744 2236 magica
766 2191 823 2227 sin
841 2191 1034 2237 fecerunt,
1054 2189 1162 2238 quod
1183 2200 1261 2225 una
1280 2189 1341 2225 die
1366 2188 1499 2226 festiva
1519 2196 1556 2224 et
1581 2187 1762 2231 solemni,
1782 2188 1884 2223 dum

435 2251 519 2287 Rex
540 2250 619 2297 ipsa
639 2261 737 2287 zona
760 2250 994 2297 praecinctus
1012 2261 1093 2286 esse
1112 2250 1345 2293 crederetur,
1374 2248 1485 2294 quasi
1512 2255 1590 2283 tota
1615 2258 1682 2283 sua
1703 2255 1886 2294 presente-

433 2308 540 2346 curia
559 2309 666 2345 visus
680 2317 737 2345 est
754 2317 831 2345 tam
853 2310 901 2345 ab
920 2309 1018 2356 ipso.
1038 2320 1156 2357 quam
1176 2309 1225 2345 ab
1245 2307 1536 2344 omnibusloco
1561 2317 1671 2343 zonae
1688 2317 1770 2342 uno
1796 2317 1875 2342 ser-

434 2377 552 2417 pente
573 2380 718 2417 magno
734 2378 771 2406 et
790 2369 950 2406 terribili
971 2368 1181 2416 praecintus
1197 2376 1235 2404 et
1260 2366 1524 2404 circundatus,
1557 2365 1636 2409 Qui
1665 2365 1741 2402 hoc
1769 2366 1875 2412 aspi-

431 2427 552 2473 ciens,
573 2439 645 2464 nec
666 2427 861 2464 immerito
883 2427 956 2463 suit
975 2429 1130 2463 territus
1144 2434 1181 2462 et
1199 2425 1469 2462 conturbatus.
1489 2425 1671 2472 Dumque
1686 2433 1880 2472 quaereret

434 2487 531 2536 quid
563 2487 638 2523 hoc
665 2497 758 2533 erat,
781 2487 855 2524 suit
881 2488 951 2523 sibi
979 2497 1211 2535 responsum
1239 2497 1305 2533 per
1335 2485 1631 2527 circunstantes,
1653 2484 1751 2520 inter
1774 2495 1876 2532 quos

429 2554 512 2583 erat
533 2546 693 2583 forsitan
721 2546 844 2594 aliqui
862 2546 1154 2583 consentientes
1172 2545 1210 2580 in
1231 2543 1430 2592 praemisis,
1455 2544 1561 2591 quod
1585 2544 1659 2581 hoc
1677 2553 1757 2581 erat
1775 2555 1882 2581 zona«

435 2604 512 2642 sibi
544 2617 616 2653 pro
647 2616 811 2642 munere
841 2615 878 2642 et
910 2605 1026 2653 jocali
1061 2605 1148 2640 data
1180 2615 1245 2651 per
1279 2603 1467 2651 Reginam
1501 2602 1711 2651 conjugem
1746 2615 1872 2641 suam.

436 2665 600 2712 Propter
618 2665 724 2712 quod
748 2665 867 2711 ipsam
885 2666 933 2700 ab
954 2665 1014 2701 illa
1035 2664 1129 2701 hora
1150 2663 1187 2700 in
1207 2671 1320 2700 antea
1340 2662 1394 2699 sic
1412 2674 1568 2699 exosam
1588 2663 1738 2709 habuit,
1765 2664 1874 2711 quod

437 2723 567 2760 noluit
584 2734 668 2760 eum
690 2724 852 2760 ulterius
879 2724 1022 2770 videre,
1042 2732 1110 2760 aut
1136 2733 1267 2760 secum
1287 2722 1608 2760 conversari.....»
1637 2730 1710 2760 etc.
1740 2722 1886 2771 (Vitat-⁴

425 2793 635 2831 paparum
654 2783 996 2820 Avenionensium.
1018 2781 1228 2820 Colecci6n
1248 2781 1295 2817 de
1311 2780 1483 2818 Baluzio:
1507 2782 1625 2827 Paris,
1650 2782 1751 2830 1693.
1772 2781 1870 2818 Pri-

438 2853 507 2878 ma
528 2841 616 2878 vita
632 2842 856 2879 Innocentis
880 2842 954 2880 t'l.
978 2842 1118 2879 Editio
1144 2840 1497 2889 Bosqueeicollata
1520 2852 1607 2878 cnm
1634 2840 1794 2879 vetustis
1808 2851 1873 2877 co-

424 2901 582 2940 dicibus
594 2901 660 2939 M.
679 2901 798 2948 S.S.)
