1930 3204
348 207 426 259 648
796 209 990 253 MARQmis
1018 221 1075 248 DE
1103 218 1228 254 JEREZ

347 296 480 337 Glosa
504 309 621 348 suya:

674 396 785 432 —Yo
804 396 908 433 hallo
926 408 1023 445 ques
1039 408 1135 445 gran
1153 397 1336 436 locura...

675 456 815 500 —Que'z
834 467 873 492 es
892 456 939 492 de
957 465 999 492 tu
1020 456 1144 499 color,
1164 458 1349 495 Ant6n...

674 516 940 556 —Recuerda.
962 517 1069 553 triste
1087 526 1264 564 pastor...

347 623 534 666 Canci6n
555 627 580 665 5,
598 637 681 664 una
700 627 844 664 sefiora
863 637 1020 677 porque
1038 627 1148 665 tenia
1167 625 1245 665 dos
1264 623 1510 665 servidores:

751 724 827 761 Mal
847 736 890 760 os
909 736 1058 772 parece,
1075 733 1275 772 pastore...

352 905 407 959 (ζ
430 907 654 948 Fenescen
678 906 744 947 las
775 905 1025 948 Canciones
1051 904 1059 963 Ι
1085 919 1113 960 y
1136 906 1394 960 comien9an
1426 906 1493 948 los
1522 905 1723 948 Roman—

294 989 384 1020 ces.
411 977 451 1018 Y
479 981 574 1019 este
601 973 609 1034 1
636 977 828 1031 primero
860 991 907 1019 es
939 977 992 1018 de
1028 977 1158 1031 quien
1190 978 1288 1020 sera
1319 978 1447 1032 aquel
1475 974 1484 1034 Ι
1509 976 1729 1020 cauallero

296 1060 376 1102 por
396 1053 493 1091 otro
515 1061 603 1090 nue
630 1044 638 1105 Ι
665 1061 726 1090 uo
748 1048 881 1090 modo
904 1047 1082 1102 princiaef
1108 1046 1114 1106 Ι
1143 1048 1215 1103 pio
1235 1062 1264 1103 y
1286 1047 1404 1091 fin.:.
1433 1047 1546 1101 (Fol.
1569 1059 1628 1103 40
1649 1045 1728 1101 v.⁰)

699 1152 776 1189 Por
794 1151 853 1188 los
870 1163 1031 1200 campos
1049 1152 1095 1189 de
1113 1153 1286 1191 Xerez...

347 1274 561 1315 Romance
580 1273 858 1314 contrahecho
877 1273 918 1312 al
937 1273 990 1313 de
1013 1273 1144 1313 «Cufil
1163 1275 1253 1314 sera
1271 1272 1395 1325 aquel
1419 1272 1677 1316 caballero...
1690 1287 1724 1313 »t

699 1373 800 1410 Cum
820 1374 903 1410 sera
921 1373 1038 1421 aquel
1056 1372 1298 1410 caballero...

349 1481 561 1522 Romance
580 1481 649 1522 del
669 1481 920 1522 nacimiento
938 1481 992 1522 de
1013 1475 1196 1522 R6‘mulo
1213 1495 1241 1533 y
1260 1482 1410 1523 Remo:

700 1581 874 1629 Despues
891 1582 939 1619 de
955 1590 1111 1619 muerto
1128 1592 1313 1629 procaS...

347 1690 544 1743 Segunda
562 1695 678 1744 parte
696 1689 764 1730 del
784 1690 947 1731 mismo:

700 1791 904 1828 Contento
922 1791 1054 1827 estaba
1080 1790 1115 1827 el
1139 1799 1319 1838 pastor...

348 1899 561 1940 Romance
580 1898 647 1939 del
666 1911 786 1939 cerco
806 1912 886 1951 que
905 1898 1083 1939 Porcina
1102 1911 1208 1951 puso
1227 1899 1347 1940 sobre
1374 1899 1509 1940 Roma
1531 1913 1559 1952 y
1577 1899 1630 1941 de
1649 1900 1728 1942 dos

295 1964 470 2018 grandoe
488 1964 664 2004 hazafias
684 1977 763 2016 que
781 1963 1067 2004 aeontecieron
1087 1967 1111 2004 fi
1131 1964 1209 2005 dos
1227 1964 1451 2006 mancebos
1473 1977 1681 2014 romanos,
1703 1969 1728 2006 6.

294 2042 400 2083 cuya
417 2042 541 2071 causa
557 2030 625 2070 fue
645 2030 780 2070 Roma
798 2029 900 2069 libre
920 2042 971 2069 en
991 2030 1029 2069 el
1051 2029 1206 2082 tiempo
1232 2031 1286 2070 de
1314 2042 1457 2082 mayor
1485 2029 1725 2072 necesidad:

674 2140 830 2178 Grande
850 2141 964 2178 ruido
984 2141 1061 2190 hay
1079 2153 1128 2178 en
1147 2142 1320 2181 Roma...

348 2248 541 2302 Segunda
562 2254 693 2301 parte:

676 2349 781 2386 Gran
810 2349 964 2387 tristeza
987 2350 1062 2399 hay
1088 2362 1138 2387 en
1166 2351 1337 2391 Roma...

350 2457 560 2499 Romance
578 2456 646 2498 del
667 2455 918 2498 nacimiento
936 2472 963 2510 y
984 2465 1140 2499 muerte
1160 2458 1212 2499 de
1231 2459 1420 2513 Aquiles:

725 2558 786 2595 En
807 2558 842 2594 la
861 2557 1003 2595 ciudad
1022 2557 1069 2596 de
1087 2559 1286 2598 Tesana...

358 2725 411 2778 (I
434 2725 643 2781 Segunda
668 2733 789 2781 parte
810 2727 930 2771 delas
958 2727 965 2785 Ι
993 2729 1121 2772 obras
1143 2729 1196 2772 de
1220 2730 1364 2786 Diego
1380 2730 1432 2774 de
1456 2731 1665 2783 Fuentes,
1686 2730 1730 2776 la

300 2799 400 2852 qual
430 2796 439 2853 Ι
467 2803 582 2840 trata
605 2798 656 2839 de
688 2805 880 2851 muetos,
902 2813 930 2854 y
957 2807 1115 2843 otauas
1145 2801 1178 2844 ri
1207 2798 1214 2855 Ι
1243 2815 1352 2854 mas,
1383 2807 1589 2855 tercetos,
1615 2815 1725 2846 can-

300 2870 448 2911 ciones
474 2867 482 2926 Ι
510 2868 713 2920 sentinas,
740 2871 792 2911 εδ
816 2877 935 2913 otros
968 2886 1022 2925 ge
1050 2871 1057 2926 1
1085 2886 1213 2915 neros
1243 2873 1297 2917 de
1330 2886 1469 2917 verso.
1495 2872 1611 2927 (Fol.
1637 2872 1727 2927 55.)
