1930 3204
402 205 485 256 488
842 217 882 245 A.
915 207 1156 245 nonnioussz
1183 216 1306 244 vm».

348 301 488 346 rente,
512 309 542 351 y
559 295 731 350 pueden
753 295 893 338 servir
914 296 966 338 de
981 295 1203 346 estimulo,
1223 295 1360 348 segt'm
1385 307 1436 336 su
1454 293 1576 349 justo
1597 293 1744 343 deseo,
1765 293 1792 334 ἐι

347 367 516 420 alguna
537 367 657 409 habi}
675 368 827 422 pluma
873 381 928 409 ue
947 372 1198 421 represente
1219 366 1272 408 de
1291 379 1453 420 cuerpo
1476 368 1627 407 entero
1648 365 1794 420 figura

350 438 563 482 histbrica
584 445 660 481 tan
684 439 820 494 digna
842 382 895 481 {Le
923 439 1112 482 estudio.
1138 439 1206 480 Yo
1229 438 1324 480 s610
1346 451 1417 479 me
1438 451 1666 492 propongo
1687 437 1789 479 bos-

343 509 558 564 quejarla.

408 583 610 636 Algunos
632 582 817 625 esbozos
840 581 928 637 hay
950 582 1004 624 de
1025 584 1112 624 ella
1133 596 1186 624 en
1211 582 1250 623 el
1281 581 1430 624 Teatro
1454 579 1714 631 eclesidstiw,
1739 579 1792 622 de

350 653 424 695 Gil
453 653 680 695 Gonzalez
713 653 876 696 Davila
909 653 977 705 (1);
1014 668 1066 696 en
1100 655 1139 696 el
1174 653 1436 704 Nobiliario,
1473 653 1524 695 de
1555 653 1706 706 L6pez
1738 651 1796 693 dev

353 725 482 766 Haro
506 724 574 776 (2);
600 739 654 767 en
678 726 720 767 la
743 726 860 768 Seria
875 726 1137 782 cronolbgica
1159 726 1206 768 de
1224 725 1283 767 los
1300 725 1474 780 Obispos
1490 724 1537 766 de
1559 724 1791 780 Sigic'enza,

356 810 439 850 por
462 799 523 839 A.
562 797 752 839 Carrillo
783 797 836 839 de
868 798 1106 848 Mendoza3
1137 811 1189 839 en
1222 798 1265 839 la
1297 795 1556 839 Bibliotheca
1582 809 1707 846 nova,
1739 795 1795 837 de

351 867 534 910 Nicolas
555 868 753 910 Antonio
778 867 847 919 (3),
872 882 901 923 y
921 882 974 910 en
998 874 1116 910 otros
1138 873 1315 911 autores
1338 866 1406 918 (4);
1432 881 1535 922 pero
1567 866 1696 909 todos
1715 871 1792 908 tan

348 938 518 989 breves,
554 939 850 993 incompletos
869 953 899 994 y
920 940 946 981 a
968 953 1097 980 veces
1127 944 1205 981 tan
1234 937 1542 992 equivocados,
1568 951 1654 992 que
1678 950 1787 992 ape-

351 1025 435 1054 nas
456 1012 544 1054 dan
568 1011 666 1053 idea
688 1012 741 1052 de
763 1012 807 1053 la
837 1011 1131 1065 importancia
1157 1025 1187 1065 y
1215 1010 1414 1053 curiosas
1440 1009 1694 1052 vicisitudes
1721 1008 1790 1051 del

340 1083 616 1132 -interesado‚
641 1097 697 1138 ya
720 1097 799 1137 por
821 1095 880 1125 no
902 1083 1173 1133 conocerlas,
1204 1096 1262 1137 ya
1290 1095 1370 1137 por
1391 1087 1514 1123 tocar
1534 1082 1560 1123 a
1582 1080 1794 1123 materias

347 1154 609 1196 escabrosas
637 1154 689 1196 de
722 1154 906 1204 Estado,
941 1154 967 1195 ὁ
1000 1155 1027 1196 ἐ.
1055 1157 1263 1202 extrafias
1290 1153 1644 1204 interioridades,
1678 1165 1793 1207 euya

344 1225 627 1280 publicacibn
651 1239 705 1268 en
735 1225 937 1279 aquellos
967 1225 1104 1279 siglos
1133 1225 1287 1267 estaba
1315 1224 1497 1269 vedada.
1530 1225 1623 1267 Los
1652 1225 1784 1267 docu-

349 1304 530 1341 mentes
550 1298 736 1340 intimos
757 1311 785 1352 y
808 1302 1001 1339 secretos
1023 1309 1107 1351 que
1135 1295 1190 1338 he
1223 1296 1374 1338 tenido
1407 1296 1588 1338 ocasibn
1611 1296 1665 1337 de
1687 1308 1788 1337 exa·

345 1370 509 1421 minar,
533 1383 563 1424 y
580 1370 620 1411 el
644 1368 807 1412 anhelo
827 1383 856 1424 y
878 1369 1064 1411 libertad
1080 1370 1132 1411 de
1153 1374 1358 1427 nuestros
1379 1369 1571 1422 tiempos
1587 1382 1695 1423 para
1715 1381 1791 1423 pe·

347 1447 499 1484 netrar
519 1455 577 1483 en
599 1442 642 1483 lo
666 1442 764 1483 mais
785 1440 1015 1483 rec6ndito
1037 1441 1089 1482 de
1113 1441 1156 1482 la
1183 1440 1287 1482 vida
1314 1439 1451 1482 social
1486 1440 1539 1482 de
1568 1440 1635 1482 los
1668 1439 1790 1482 anti-

343 1526 473 1567 guos,
501 1526 573 1554 me
596 1512 786 1555 inducen
810 1512 852 1555 al
875 1512 1000 1567 logro
1017 1512 1070 1555 de
1087 1512 1148 1554 mi
1172 1511 1412 1567 propbsito,
1431 1524 1514 1554 con
1532 1511 1572 1554 el
1595 1511 1708 1554 buen
1726 1510 1791 1554 fin

349 1583 403 1627 de
426 1584 674 1627 contribuit
695 1585 722 1626 ἑ
743 1584 787 1626 la
805 1587 1059 1627 ensefianza
1075 1583 1300 1626 histbrica.

1047 1805 1078 1871 I

403 2011 568 2056 Tercer
589 2012 680 2068 hijo
703 2013 756 2056 de
779 2014 838 2058 D.
855 2013 989 2069 Ifiigo
1010 2014 1162 2069 L6pez
1184 2014 1237 2058 de
1260 2015 1494 2067 Mendoza,
1516 2015 1720 2069 Marques
1735 2014 1793 2057 de

341 2083 574 2139 Mondejar
594 2099 622 2140 y
647 2085 799 2129 Conde
821 2085 874 2127 de
895 2084 1121 2136 Tendilla,
1146 2100 1174 2141 y
1197 2086 1249 2129 de
1270 2085 1400 2129 Dofia
1422 2086 1564 2129 Maria
1585 2086 1637 2128 de
1655 2085 1786 2129 Men-

344 2155 475 2207 dom,
502 2169 586 2210 que
607 2157 635 2198 ά
656 2170 706 2198 su
730 2170 811 2198 vez
834 2157 877 2199 lo
899 2170 974 2198 era
996 2156 1063 2199 del
1084 2162 1240 2199 cuarto
1258 2158 1420 2211 Duque
1438 2157 1507 2200 del
1530 2156 1786 2209 Infantado,

346 2226 476 2268 nucis)
502 2228 559 2268 D.
589 2228 827 2271 Francisco
845 2228 899 2271 de
921 2229 1144 2271 Mendoza
1165 2242 1218 2271 en
1241 2228 1447 2271 Granada
1462 2243 1516 2271 en
1544 2228 1673 2285 1547,
1694 2229 1790 2271 des·

339 2298 622 2352 empefiando
644 2312 696 2341 su
719 2300 853 2354 padre
876 2300 902 2342 ά
924 2300 968 2342 la
989 2302 1126 2343 sazbn
1148 2300 1187 2342 el
1211 2300 1394 2343 elevado
1416 2313 1550 2354 cargo
1572 2299 1624 2341 de
1649 2299 1790 2355 Capi-

343 2368 422 2410 thn
446 2368 634 2412 General
652 2370 722 2412 del
745 2370 866 2414 reino
887 2371 940 2414 de
962 2370 1170 2414 Granada
1191 2385 1221 2428 y
1242 2371 1424 2415 Alcaide
1446 2372 1501 2413 de
1530 2372 1573 2414 la
1595 2371 1786 2415 Albam—

342 2437 437 2484 bra.
461 2439 531 2483 En
551 2442 727 2496 aquella
754 2441 962 2485 hermosa
983 2441 1142 2485 ciudad
1165 2443 1273 2498 pasb
1294 2456 1371 2486 sus
1393 2442 1610 2497 primeros
1627 2447 1738 2487 ahos
1758 2458 1787 2500 y

394 2641 451 2685 (ι)
502 2641 635 2678 Temo
656 2642 683 2679 1.
714 2643 852 2690 lglesia
873 2643 919 2680 de
938 2642 1146 2692 Sigssenzn.

391 2701 449 2746 (ι)
498 2700 631 2737 ‘remo
651 2702 679 2746 1,
702 2702 788 2749 ρᾶς.
813 2713 893 2750 37¹·

394 2761 447 2806 (3)
498 2759 629 2797 ‘remo
651 2760 680 2805 1,
701 2762 787 2809 ρης.
807 2763 892 2809 446.

396 2819 451 2864 (4)
503 2819 680 2856 δήηοὴει
699 2820 987 2869 Portocnrrero,
1009 2822 1150 2861 Nuevo
1177 2822 1386 2873 Caedlogo
1403 2824 1525 2862 delos
1543 2825 1712 2876 Obispos
1738 2828 1791 2865 de·

339 2879 567 2927 signensem·
591 2879 778 2926 Ροιτεῇο,
797 2889 872 2918 etc.
