1930 3204
551 246 600 274 LA
632 247 916 275 UNIVERSIDAD
947 248 1000 274 DE
1028 248 1165 277 osum
1450 246 1527 287 793

142 324 351 370 Pineda.
374 325 478 379 (FR.
505 325 731 368 C1PR1ANO
755 328 850 377 DE),
877 326 1102 380 agustino.

206 397 319 438 Para
341 411 425 451 que
439 397 615 451 pudiese
638 398 740 447 leer,
762 398 987 440 conforme
1006 399 1031 439 a
1049 399 1114 440 los
1136 395 1371 448 esta'tutos,
1395 398 1437 438 la
1460 398 1580 438 citte-

142 468 223 510 dra
244 469 297 510 de
321 468 530 523 Visperas
557 469 611 510 de
642 467 874 523 Teologia‚
906 483 953 510 se
982 470 1021 510 le
1060 469 1244 510 admitio
1284 469 1323 509 el
1357 467 1494 522 grado
1527 467 1583 509 de

147 539 358 582 bachiller
393 554 446 581 en
485 545 579 581 esta
606 539 816 587 facultad,
849 541 889 581 al
922 546 1149 594 presentat·
1182 541 1225 580 la
1258 539 1479 593 provision
1511 538 1580 580 del

148 612 307 665 Duque
330 612 382 653 de
405 612 556 654 Osuna
578 627 605 666 y
628 612 671 652 la
698 611 881 653 licencia
909 613 978 653 del
1010 612 1249 666 provincial
1276 612 1328 652 de
1352 612 1393 652 la
1415 611 1579 659 Orden,

143 683 482 736 otorgandosele
503 684 542 725 81
565 683 695 726 dicho
711 683 846 736 grado
869 698 921 724 en
940 696 994 739 27
1013 684 1067 724 de
1084 683 1264 724 octubre
1287 682 1338 724 de
1364 682 1495 724 1612.
1522 680 1581 722 Se

148 753 333 796 licenci6
357 769 409 796 en
435 767 491 799 20
525 754 577 796 dc
609 754 719 797 abril
741 755 808 796 del
832 759 918 796 ar’io
947 755 1179 808 siguiente,
1204 753 1508 808 graduandose
1530 751 1584 792 de

145 826 299 867 doctor
319 826 398 868 dos
419 827 516 869 dias
536 826 723 882 despues
746 825 813 872 (1).

147 1042 349 1087 Pizaflo
369 1043 437 1087 de
459 1042 704 1088 Palaoios
726 1031 969 1097 (ᾸινΑκο).

210 1114 277 1156 La
300 1114 439 1155 buena
461 1114 654 1166 fortuna,
673 1129 756 1168 que
778 1129 833 1157 en
856 1123 993 1170 punto
1009 1117 1034 1157 a
1051 1113 1423 1166 investigaciones
1447 1111 1586 1152 histo-

148 1186 263 1228 ricas
286 1186 409 1238 logi-a
431 1187 528 1227 mas
551 1200 634 1240 que
659 1188 699 1228 la
724 1201 830 1242 muy
853 1187 1069 1240 exquisita
1091 1185 1342 1238 diligencia,
1360 1184 1418 1225 ha
1439 1183 1585 1225 traido

147 1259 176 1299 a
199 1258 282 1299 mis
307 1271 462 1299 manos
486 1258 665 1312 poi-cion
690 1259 990 1301 considerable
1014 1259 1065 1299 de
1090 1258 1274 1298 noticias
1296 1256 1348 1296 de
1372 1261 1463 1296 este
1488 1253 1579 1295 vir-

147 1335 278 1371 tuoso
299 1329 573 1372 eclesiastico
595 1345 623 1385 y
644 1332 873 1372 elocuente
896 1330 1067 1372 orador.
1101 1330 1361 1370 Extractare
1385 1327 1451 1367 las
1473 1338 1583 1379 poco

147 1402 176 1442 ὁ
197 1402 313 1444 nada
334 1402 582 1445 conoeidas.

210 1475 383 1516 Fueron
402 1488 479 1516 sus
496 1474 653 1527 padi-es
669 1475 838 1516 Andres
859 1474 1076 1532 Jirnenez,
1096 1474 1121 1513 έι
1136 1471 1267 1524 quien
1284 1469 1479 1511 tambien
1500 1467 1583 1509 lla-

150 1546 313 1587 maban
338 1546 504 1587 Andr-es
527 1546 727 1596 Camillo,
751 1546 931 1600 clerigo,
959 1544 1130 1586 natural
1166 1543 1216 1583 de
1240 1542 1399 1584 Utrera
1420 1555 1447 1594 y
1471 1538 1580 1580 resi-

148 1618 279 1659 dente
310 1631 363 1659 en
399 1618 556 1660 Alcala
586 1618 638 1659 de
672 1618 896 1660 Guadaira
928 1616 1037 1670 (liijo
1069 1616 1122 1656 de
1152 1615 1299 1656 Anton
1329 1612 1529 1670 Jimenez
1558 1624 1586 1664 y

151 1689 427 1731 Bernardina
457 1690 510 1731 de
546 1690 773 1740 Palacios)‚
808 1703 835 1744 y
866 1690 1010 1746 Juana
1044 1688 1095 1728 de
1126 1685 1308 1736 Pineda‚
1346 1683 1506 1725 nacida
1529 1695 1581 1722 en

148 1759 314 1802 Sevilla
339 1760 447 1814 (hija
469 1761 520 1802 de
547 1762 718 1802 Alonso
740 1761 792 1803 de
818 1762 1008 1806 Aldana,
1036 1759 1183 1812 pintor
1204 1757 1256 1798 de
1278 1769 1446 1808 sargaS,
1472 1768 1500 1807 y
1533 1753 1586 1794 de

152 1836 250 1874 Ana
271 1834 324 1874 de
348 1833 528 1887 Pineda,
554 1833 728 1875 vecinos
751 1817 802 1873 de
826 1833 867 1874 la
890 1831 1103 1873 collacion
1127 1830 1179 1870 de
1203 1828 1294 1870 San
1321 1827 1439 1883 Juan
1463 1827 1516 1866 de
1543 1826 1585 1866 la

150 1902 340 1956 Palma).
367 1903 533 1946 Pizar‘io
555 1904 608 1946 de
643 1904 843 1946 Palacios
865 1903 990 1944 nacio
1011 1916 1062 1942 en
1090 1901 1238 1942 Alcala
1261 1900 1314 1940 de
1336 1897 1582 1944 Guadaira,

148 1988 178 2029 y
199 1988 257 2016 no
279 1989 330 2016 en
354 1975 534 2024 Sevilla,
555 1989 728 2029 aunque
745 1976 933 2029 siempre
957 1988 1004 2015 se
1026 1973 1160 2015 llamo
1185 1971 1456 2025 hispalense;
1479 1981 1585 2022 pero

150 2049 176 2089 ἑ
199 2053 294 2089 esta
317 2047 473 2089 ciudad
496 2047 569 2089 fue
591 2047 733 2089 traido
756 2061 862 2101 muy
885 2045 1005 2095 nifio,
1022 2060 1050 2099 y
1071 2059 1124 2086 en
1149 2045 1236 2085 ella
1258 2044 1298 2084 18
1320 2042 1491 2084 criaron
1514 2039 1588 2082 Al-

152 2131 258 2158 varo
283 2117 466 2169 Pizafio,
495 2118 689 2168 halbero,
716 2119 767 2160 de
789 2118 919 2172 quien
944 2117 1068 2158 torno
1090 2117 1129 2157 el
1156 2114 1339 2156 nombre
1366 2127 1393 2167 y
1423 2113 1462 2154 el
1493 2112 1587 2166 pri-

153 2203 246 2231 mer
263 2189 467 2243 apellido.
492 2204 519 2244 y
535 2192 678 2247 Juana
696 2190 834 2240 Ortiz,
854 2204 904 2231 su
926 2188 1079 2243 mujer.
1102 2188 1158 2230 El
1176 2186 1365 2241 apellido
1381 2184 1589 2226 Palacios

151 2273 201 2301 es
222 2261 262 2302 el
286 2260 338 2302 de
361 2275 412 2303 su
435 2262 594 2303 abuela
616 2268 816 2316 paterna.

214 2332 284 2374 En
317 2333 354 2374 el
387 2332 567 2375 archivo
601 2332 908 2374 universitario
931 2333 983 2374 de
1006 2331 1174 2374 Sevilla
1195 2331 1251 2372 he
1281 2329 1457 2372 hallado
1482 2343 1583 2370 mu-

154 2404 261 2445 chas
299 2405 487 2447 noticias
519 2419 669 2447 acerca
703 2405 754 2446 de
789 2418 862 2446 sus
891 2404 1103 2446 estudios:
1137 2418 1182 2445 se
1217 2402 1452 2446 matriculc')
1485 2414 1591 2454 para

153 2475 352 2529 segundo
374 2489 504 2516 curso
525 2476 577 2516 de
600 2475 815 2528 Teologia
832 2489 885 2515 en
909 2477 963 2516 31
990 2474 1041 2516 de
1064 2475 1242 2516 octubre
1260 2474 1311 2515 de
1335 2471 1462 2528 1572;
1482 2485 1591 2526 para

153 2547 193 2587 el
217 2553 400 2595 tercero,
427 2561 479 2588 en
504 2561 531 2601 4
551 2547 603 2588 de
625 2561 756 2588 enero
779 2546 830 2588 de
855 2545 984 2601 1574,
1010 2561 1039 2600 y
1062 2560 1165 2600 para
1188 2547 1226 2587 el
1256 2551 1426 2594 cuarto,
1453 2558 1507 2585 en
1534 2557 1588 2600 27

155 2618 209 2659 de
226 2618 403 2659 octubre
425 2617 638 2672 siguiente
654 2616 720 2661 (2).
745 2620 879 2660 Entre
897 2623 1036 2668 tanto,
1053 2618 1183 2660 habia
1201 2616 1431 2659 estudiado
1452 2619 1594 2658 Artes

207 2793 258 2839 (1)
310 2793 471 2838 Grauios,
493 2805 557 2841 reg
590 2793 656 2842 3.‘’,
678 2794 771 2833 fols.
796 2805 837 2841 35
858 2795 905 2831 de
928 2796 1016 2832 1612
1032 2807 1055 2842 y
1079 2807 1122 2832 ιο
1138 2796 1243 2842 v.⁰y
1266 2807 1302 2831 11
1334 2794 1390 2833 v.⁰
1410 2795 1456 2830 de
1482 2795 1589 2840 1613.

206 2857 258 2900 (2)
308 2852 478 2890 Archivo
496 2854 764 2891 universitario
778 2854 825 2891 de
844 2855 999 2901 Sevilla,
1018 2856 1117 2891 libi-o
1137 2856 1184 2891 de
1202 2855 1427 2891 Matriculas
1444 2865 1494 2890 en
1515 2865 1595 2902 que

155 2923 196 2948 se
216 2913 483 2959 comprenden
502 2913 556 2949 las
574 2913 622 2950 de
639 2923 719 2951 este
737 2915 827 2959 ano,
850 2914 933 2951 fols,
958 2925 1014 2962 57,
1033 2917 1081 2951 8ο
1097 2913 1156 2951 v.⁰
1174 2926 1198 2962 y
1215 2926 1260 2962 92
1281 2913 1340 2951 ν.ο
