1930 3204
387 238 463 278 49²
822 239 860 264 Α.
897 226 1136 266 nonniouaz
1162 237 1287 265 vinna

395 317 449 358 El
473 315 791 358 fallecimiento
813 317 865 357 de
888 329 938 357 su
973 316 1122 370 padre,
1158 315 1360 357 ocurrido
1394 329 1446 356 en
1475 314 1704 369 Mondejar
1732 315 1772 356 el

335 401 391 431 22
414 388 468 429 de
492 387 618 428 Abril
643 388 696 428 de
723 387 854 435 1580,
881 388 907 428 ἑ
929 400 1038 441 poco
1060 387 1112 428 de
1135 386 1271 428 haber
1292 386 1524 440 regresado
1541 386 1594 428 de
1617 387 1768 440 Napo-

332 460 410 507 les,
441 459 481 499 le
502 459 644 512 ocupo
669 472 748 511 por
770 458 974 500 bas'tante
997 458 1164 511 tiempo
1198 472 1250 499 en
1284 463 1468 499 asuntos
1500 457 1769 511 personales,

332 530 573 572 referentes
596 532 621 572 ἑ
651 531 692 571 la
731 529 938 571 hereneia
970 529 1036 571 del
1069 532 1288 583 Marques,
1325 543 1438 583 cuya
1470 528 1686 570 hacienda
1717 540 1774 569 no

333 601 491 642 estaba
517 601 810 643 ciertamente
833 615 884 642 en
911 602 1118 655 prospero
1141 602 1309 642 estado.

395 673 596 714 Durante
619 687 670 714 su
694 673 892 714 estancia
914 687 966 713 en
992 673 1206 714 Valencia
1229 672 1360 713 habia
1393 671 1620 713 contraido
1643 683 1772 712 amo-

331 758 458 786 rosas
479 744 724 786 relaciones
747 758 829 785 con
855 744 988 785 Dofia
1019 745 1160 786 Maria
1192 743 1308 785 Ruiz
1340 743 1392 784 de
1428 742 1549 785 Liori
1583 743 1722 784 Colc'm
1744 755 1773 796 y

332 814 555 865 Cardena,
589 815 679 870 hija
708 815 760 856 de
791 816 850 857 D.
889 815 1066 857 Sancho
1099 815 1150 856 de
1185 815 1407 866 cardona,
1443 814 1688 856 Almirante
1719 812 1774 855 de

334 888 533 940 Aragon,
558 901 587 941 y
610 888 661 928 de
685 888 816 929 Dofia
841 887 980 929 Maria
1004 887 1162 937 Colon,
1189 887 1421 940 Marquesa
1439 886 1490 927 de
1508 885 1767 934 Guadalest;

330 971 360 1012 y
382 958 602 1000 habiendo
625 959 823 1000 decidido
846 972 1036 1009 casarse,
1063 964 1297 1011 otorgaron
1320 972 1373 999 en
1399 958 1571 1011 aquella
1593 955 1768 1005 ciudad‚

331 1031 357 1071 έι
381 1031 407 1071 3
431 1029 484 1070 de
509 1031 660 1071 Marzo
681 1030 734 1071 de
762 1031 891 1084 1584,
928 1031 992 1071 las
1025 1030 1370 1084 capitulaciones
1405 1028 1769 1070 matrimoniales.

334 1101 648 1155 Estipulabase
671 1116 724 1142 en
749 1103 858 1142 eilas
880 1115 964 1155 que
987 1102 1030 1143 la
1055 1101 1203 1151 novia,
1227 1115 1283 1155 ya
1315 1102 1549 1154 Marquesa
1569 1101 1621 1141 de
1644 1100 1774 1141 Gua-

333 1171 474 1214 dalest
498 1186 577 1225 por
599 1172 831 1214 defuncion
855 1174 906 1214 de
924 1186 974 1214 su
994 1173 1160 1220 madre,
1178 1173 1401 1226 apo1-taria
1418 1187 1471 1214 en
1489 1172 1592 1214 dote
1611 1171 1773 1215 50.000

332 1244 541 1292 ducados‚
570 1244 760 1285 moneda
784 1245 835 1285 de
863 1243 1089 1291 Valencia,
1112 1244 1381 1296 asegurados
1404 1243 1529 1284 sobre
1547 1257 1598 1284 su
1619 1242 1772 1283 estado

331 1314 386 1356 de
408 1314 652 1356 Guadalest
673 1329 701 1369 y
724 1316 790 1356 las
813 1316 1029 1356 Baronias
1062 1316 1114 1356 de
1139 1314 1239 1356 Vall
1264 1315 1316 1356 de
1336 1313 1582 1364 Confrides3
1608 1314 1674 1355 los
1697 1326 1773 1354 va-

334 1387 414 1428 lles
438 1387 490 1428 de
514 1386 619 1429 Seta
640 1401 667 1442 y
691 1387 943 1437 Travadell;
971 1388 1036 1428 las
1059 1387 1188 1428 villas
1211 1387 1264 1428 de
1287 1385 1452 1440 Gorga,
1469 1386 1662 1435 Ondara,
1684 1386 1771 1426 Be-

337 1593 389 1623 tae
408 1587 600 1624 institutae
615 1588 667 1624 M
670 1588 801 1632 atriti,
822 1588 860 1624 in
879 1587 1026 1624 scholis
1051 1587 1270 1624 Societatis
1287 1587 1393 1634 Iesu,
1418 1598 1494 1635 pro
1521 1585 1774 1634 excipiendis

334 1647 468 1684 sacris
484 1649 730 1695 quorundam
751 1654 984 1697 martyrum
1003 1647 1186 1695 reliquiis
1200 1647 1331 1684 Roma
1345 1645 1490 1692 missis,
1508 1656 1552 1692 25
1567 1645 1634 1682 die
1647 1646 1770 1682 Mar-

333 1706 396 1751 tii,
417 1708 484 1755 qui
501 1706 585 1743 dies
609 1707 735 1744 eidem
760 1706 1024 1743 Annunciatae
1044 1705 1215 1753 Virgini
1242 1716 1358 1742 sacer
1382 1711 1452 1741 est.
1479 1705 1542 1741 Ad
1565 1704 1772 1741 Illustrem

333 1767 549 1803 admodum
570 1767 622 1803 D.
653 1768 704 1804 D.
735 1767 1004 1804 Franciscum
1029 1766 1283 1803 Mendotium
1311 1765 1364 1801 D.
1394 1765 1447 1801 D.
1476 1763 1640 1812 Ignatii
1666 1763 1773 1812 Lupi

331 1826 383 1863 M
387 1827 551 1872 endoxii,
572 1827 816 1863 marchionis
833 1827 884 1863 M
887 1825 1177 1862 ondexarensis
1195 1834 1230 1863 et
1253 1824 1371 1872 regni
1400 1822 1653 1872 neapolitani
1669 1823 1774 1859 Pro·

332 1886 446 1934 regis
472 1898 523 1922 ac
547 1886 755 1934 generalis
779 1886 906 1923 Ducis
925 1885 1077 1934 filium.
1107 1884 1333 1922 Collectore
1358 1883 1520 1920 Simone
1537 1882 1681 1919 Saulio
1699 1892 1770 1930 ge·

332 1945 470 1982 nuensi
482 1946 726 1995 presbytero
744 1954 781 1983 et
798 1946 970 1983 eiusdem
989 1944 1235 1983 sodalitatis
1249 1936 1619 1994 puisaia—Cum
1645 1942 1769 1978 licen-

329 2003 395 2040 tia.
420 2004 576 2041 Man-iti.
600 2005 831 2042 Excudebat
858 2003 1088 2041 Franciscus
1116 2004 1307 2040 Sanchez.
1329 2003 1448 2039 Anno
1468 2001 1770 2039 MDLXXIX.—

330 2063 465 2099 'rodas
484 2063 539 2099 las
558 2064 871 2112 composiciones
890 2074 961 2099 son
988 2061 1211 2109 anonimas3
1241 2073 1334 2109 pero
1362 2061 1421 2097 sin
1449 2061 1553 2097 duda
1579 2071 1618 2096 se
1644 2060 1772 2096 deben

330 2124 495 2160 atribuir
511 2125 530 2159 {a
554 2124 611 2161 los
631 2123 791 2171 jdvenes
814 2134 892 2170 que
919 2121 1149 2158 estudiaban
1179 2121 1272 2157 Arte
1300 2119 1450 2168 poetica
1478 2132 1500 2168 y
1526 2118 1702 2155 Oratoria
1722 2129 1772 2154 en

330 2182 365 2219 el
386 2183 552 2231 (ῥοὴ-310
570 2184 618 2220 de
638 2184 671 2219 la
691 2182 925 2230 Compafiia.
947 2181 1183 2218 Celebranse
1198 2192 1246 2217 en
1266 2181 1360 2217 elias
1374 2181 1408 2216 la
1429 2178 1627 2227 paciencia
1647 2178 1694 2215 de
1714 2178 1773 2215 los

329 2242 473 2279 Samos
494 2242 682 2290 Mdrtires,
709 2242 743 2278 la
763 2241 988 2278 liberalidad
1010 2240 1071 2277 del
1092 2241 1193 2287 Papa
1215 2240 1403 2287 Gregorio
1419 2239 1524 2283 xul,
1541 2238 1575 2275 el
1596 2249 1706 2274 amor·
1723 2236 1771 2274 de

334 2301 393 2338 los
412 2301 587 2338 matures
604 2302 625 2338 ά
647 2302 752 2346 Dios,
774 2302 829 2338 las
846 2300 1089 2338 excelencias
1107 2299 1155 2336 de
1175 2299 1335 2335 Nuestra
1355 2297 1518 2342 Sehora,
1540 2296 1595 2332 las
1614 2294 1770 2333 benda-

331 2359 399 2397 des
417 2360 478 2397 del
498 2361 693 2397 Cardena}
713 2361 756 2398 F.
776 2360 931 2398 Alciato
950 2372 972 2408 y
992 2359 1026 2395 la
1047 2358 1235 2395 cofradia
1257 2357 1304 2393 de
1325 2357 1357 2393 la
1378 2355 1600 2393 Anunciata
1623 2354 1670 2392 de
1692 2356 1772 2392 Ro-

332 2430 409 2456 ma.
434 2420 476 2455 ΕΙ
498 2420 697 2467 Colector,
717 2432 764 2457 en
787 2420 820 2456 la
840 2418 1077 2457 dedicatoria
1096 2418 1118 2455 {1
1139 2418 1184 2455 D.
1205 2418 1246 2454 F.
1278 2416 1325 2453 de
1354 2415 1557 2458 Mendozn,
1586 2414 1670 2451 dice
1693 2426 1771 2462 que

328 2478 407 2515 este
422 2478 614 2515 concedi&
632 2491 719 2526 para
735 2479 769 2516 el
784 2489 980 2516 certamen
998 2475 1416 2528 magnificentissimis
1428 2474 1627 2524 praemiis,
1643 2486 1665 2522 y
1681 2485 1769 2522 pre-

329 2538 428 2574 sidio
447 2538 481 2574 e!
500 2538 691 2575 Tribunnl
711 2551 758 2576 en
787 2539 992 2586 compafiia
1021 2538 1068 2574 de
1095 2546 1231 2574 cuatro
1249 2535 1390 2572 Padres
1412 2534 1584 2582 jesuitas.
1607 2534 1770 2572 Consis-

330 2596 461 2634 tieron
483 2596 540 2634 105
559 2598 727 2645 premios
744 2610 792 2635 en
812 2598 954 2634 anillos
971 2597 1018 2634 de
1046 2608 1117 2634 oro
1142 2606 1218 2633 con
1246 2594 1397 2643 piedras
1416 2594 1624 2642 preciosas,
1652 2593 1773 2630 libros

331 2655 379 2692 de
410 2655 573 2693 clflsicos
601 2657 743 2693 latinos
765 2670 786 2704 y
815 2657 1026 2694 modernos
1052 2654 1267 2694 escritores.
1299 2662 1491 2701 estampns
1521 2652 1773 2699 iluminadas,

333 2714 522 2762 pintan-ns,
543 2727 595 2752 un
616 2716 728 2763 reloj,
749 2718 970 2754 sombreros
987 2716 1035 2753 de
1053 2715 1159 2758 seda.
1181 2714 1353 2752 conchas
1372 2713 1420 2750 de
1440 2714 1560 2761 plata,
1580 2724 1658 2750 una
1679 2713 1769 2750 bra-

330 2786 372 2810 zn
394 2775 441 2810 dc
462 2774 543 2811 lino
561 2775 609 2812 de
629 2776 826 2816 nouanda.
849 2789 900 2813 un
922 2787 1014 2813 vaso
1031 2773 1224 2812 bellisimo
1242 2784 1331 2822 para
1358 2784 1473 2821 agua.
1495 2772 1578 2822 cuja
1598 2773 1646 2810 de
1666 2772 1771 2821 plata

330 2845 420 2880 para
442 2834 639 2883 reliquias.
660 2844 826 2881 guantes
845 2835 950 2882 rojos
975 2835 1022 2872 de
1044 2834 1194 2880 enabat,
1216 2832 1292 2881 faia
1314 2833 1362 2869 de
1382 2832 1487 2877 seda,
1508 2831 1657 2870 tafetfin
1684 2842 1768 2870 car·

329 2894 425 2928 mest
445 2905 465 2941 y
485 2902 591 2930 oti-os
609 2893 762 2941 objetos
778 2895 982 2942 nnfilogos.
