1930 3204
402 192 484 245 378
858 204 929 230 nR.
961 203 1099 238 ROQUE
1129 202 1286 231 CHABAS

355 282 487 334 raria‚
511 281 669 324 illicita
692 286 736 323 et
759 282 978 336 inonesta,
1004 281 1162 324 additis
1184 281 1316 324 etiam
1340 280 1425 323 hiis
1455 281 1699 324 rationibus
1719 281 1802 324 vi-'

366 353 539 402 delicet,
566 353 681 406 quod
703 367 729 395 a
751 353 867 395 dicto
889 367 1091 408 processu
1116 367 1192 407 per
1212 354 1509 395 venerabilem
1533 353 1711 395 Petrum
1735 353 1803 395 de¹

358 425 689 467 Montemolone
702 425 1175 466 commanumissorem
1192 438 1340 465 meum
1358 430 1401 466 et
1419 425 1689 467 Bernardum
1707 425 1803 483 §Za-²

355 496 429 538 dia
449 495 642 550 judicem
672 495 789 536 curie
812 495 979 537 domini
1004 496 1156 549 Regis,
1193 495 1428 549 specialem
1461 494 1653 536 amicum
1686 494 1790 536 dicti

357 567 561 621 magistri
595 572 639 608 et
672 566 869 608 veritatis
902 568 1174 621 evangelice,
1210 581 1235 608 a
1269 568 1405 608 latore
1431 566 1524 621 suit
1556 566 1611 607 ad
1645 565 1806 608 sedem·

359 639 628 694 apostolicam
655 638 924 694 appellatum.
946 638 1006 679 Et
1027 638 1090 679 sic
1105 639 1319 692 pendente
1337 637 1646 692 appellatione,
1671 642 1791 678 utro-

357 724 442 764 que
466 710 562 764 jure
586 709 860 764 prohibente,
884 716 975 751 tam
1000 710 1214 751 canonico
1237 723 1369 763 quam
1394 708 1528 764 civili,
1554 708 1690 750 nichil
1719 709 1790 750 de-

359 782 457 824 buit
479 781 697 823 innovari.
725 781 874 823 Immo
896 795 971 835 per
992 781 1336 835 appellationem
1355 779 1695 834 pronunciatum
1719 793 1796 822 ex·

361 852 596 906 tinguitur.
623 853 825 895 Preterea
848 853 1033 894 audacia
1054 859 1096 894 et
1126 853 1354 894 temeritas
1386 852 1468 893 fuit
1500 866 1586 894 non
1621 851 1807 894 modica*

363 922 467 964 dicti
494 923 655 973 fratris,
681 937 787 965 cum
809 924 903 978 ipse
924 938 1012 965 non
1037 924 1092 965 sit
1115 923 1375 977 ordinarius,
1402 938 1482 965 nec
1506 924 1557 965 de
1581 924 1794 966 mandato

365 995 574 1036 ordinarii
599 995 791 1048 predicta
814 995 1097 1049 publicasset.
1129 995 1243 1037 Cum
1278 995 1515 1049 publicatio
1544 995 1699 1037 talium
1724 995 1792 1036 vel

366 1066 666 1108 consimilium
699 1080 1002 1120 processuum,
1038 1081 1116 1108 nec
1139 1067 1248 1109 alias
1281 1067 1478 1122 legitime
1501 1067 1619 1117 facti,
1648 1072 1795 1108 essent

362 1137 417 1178 ad
449 1138 722 1179 ordinarium
757 1139 826 1180 vel
861 1138 915 1180 ad
949 1139 1084 1180 alium
1120 1139 1171 1180 de
1204 1141 1412 1182 mandato
1445 1139 1554 1194 ejus,
1587 1145 1798 1181 noscatur

363 1209 650 1262 proculdubio
675 1210 907 1263 pertinere.
932 1210 1061 1253 Unde
1083 1224 1182 1252 cum
1207 1211 1332 1252 novis
1355 1211 1519 1253 morbis
1553 1225 1669 1253 nova
1691 1215 1794 1252 sunt

359 1279 560 1320 antidota
601 1281 875 1333 preparanda
917 1287 960 1323 et
1000 1295 1162 1323 novum
1202 1281 1366 1323 factum
1400 1296 1565 1324 novum
1603 1282 1796 1336 requirat

359 1351 611 1401 consilium,
640 1352 811 1394 Idcirco
839 1367 920 1406 ego
954 1353 1094 1394 dictus
1120 1353 1413 1408 Raymundus
1436 1354 1626 1405 Conesa,
1653 1352 1796 1394 nomi-

364 1422 495 1464 nibus
519 1423 677 1476 quibus
695 1438 828 1478 supra
851 1424 963 1466 facio
984 1423 1109 1465 vobis
1132 1426 1248 1466 dicto
1279 1425 1536 1467 Reverendo
1569 1423 1682 1478 patri
1714 1423 1793 1465 do-

358 1495 482 1536 mino
508 1495 778 1550 Raymundo
803 1496 1025 1550 Episcopo
1049 1496 1287 1538 Valentino
1309 1496 1442 1538 fidem
1470 1497 1522 1539 de
1546 1496 1700 1538 litteris
1733 1495 1798 1536 di-

359 1570 531 1607 ctorum
558 1566 919 1608 Reverendorum
940 1566 1186 1609 Cardinalis
1208 1572 1251 1609 et
1274 1567 1481 1622 Episcopi
1503 1567 1584 1609 sub
1606 1566 1810 1608 formam‘

360 1650 446 1690 que
470 1637 681 1690 sequitur.

425 1710 735 1763 Berengarius,
779 1709 962 1751 Domini
1002 1709 1278 1764 permisione,
1312 1715 1564 1752 sacrosante
1594 1710 1800 1752 Romane

367 1781 553 1822 ecclesie
576 1782 790 1835 presbiter
813 1781 1074 1832 Cardinalis,
1101 1781 1272 1824 dilectis
1294 1782 1337 1824 in
1364 1781 1540 1824 Christo
1563 1780 1794 1835 inquisito-

364 1852 486 1893 ribus
511 1851 553 1893 in
577 1852 776 1894 dominio
799 1853 983 1894 illustris
1008 1853 1144 1906 Regis
1166 1855 1425 1908 Aragonum
1450 1853 1702 1896 constitutis
1723 1866 1814 1895 sa-·

362 1923 499 1965 lutem
527 1924 572 1965 in
598 1924 779 1966 domino
804 1924 1136 1979 sempiternam.
1171 1926 1282 1967 Cum
1321 1926 1579 1968 venerabilis
1607 1926 1673 1967 vir
1700 1939 1797 1967 ma·

362 1993 497 2048 gister
522 1995 749 2036 Arnaldus
772 1996 823 2037 de
846 1995 1068 2037 Vilanova
1092 2009 1223 2050 opera
1246 2010 1329 2050 que
1354 1997 1488 2039 edidit
1509 2011 1640 2052 super
1662 2008 1812 2039 evan-'

364 2065 504 2118 gelica
528 2066 712 2107 veritate
737 2066 873 2108 latina
897 2067 1048 2119 lingua
1073 2066 1366 2110 Sanctissimo
1384 2069 1503 2111 Patri
1526 2068 1706 2110 domino
1729 2081 1802 2110 no·

370 2142 460 2177 stro
484 2135 672 2179 Summo
691 2137 895 2180 Pontifici
912 2138 1027 2192 apud
1046 2138 1340 2192 Burdegalam
1361 2139 1688 2193 presentaverit,
1718 2153 1800 2181 no-

372 2206 441 2248 bis
459 2208 751 2261 presentibus,
772 2222 872 2251 cum
892 2210 1037 2251 adhuc
1055 2210 1377 2265 presideremus
1393 2211 1572 2254 ecclesie
1586 2211 1802 2253 Biterren-

364 2277 420 2328 si,
446 2284 489 2319 et
514 2278 628 2320 idern
660 2280 869 2322 dominus
896 2287 1047 2323 noster
1082 2296 1134 2324 ea
1166 2282 1378 2338 receperit
1410 2289 1453 2325 et
1485 2296 1565 2325 suo
1594 2297 1645 2325 ac
1677 2282 1804 2325 Sedis

372 2350 616 2403 apostolice
635 2349 799 2404 judicio
822 2358 865 2394 et
888 2353 1080 2395 examini
1104 2354 1406 2406 reservaverit,
1433 2354 1484 2396 de
1505 2354 1671 2396 eisdem
1705 2359 1805 2409 post

363 2419 621 2471 diligentem
646 2422 1019 2465 examinationem
1045 2424 1326 2467 ordinaturus
1354 2425 1469 2480 quod
1502 2424 1632 2468 fuerit
1664 2426 1813 2467 ratio-·

366 2490 453 2540 nis,
492 2492 739 2534 sententias
768 2507 844 2548 per
880 2508 959 2537 vos
991 2496 1058 2536 vel
1091 2509 1166 2550 per
1197 2496 1387 2538 alterum
1422 2501 1617 2538 vestrum
1652 2503 1816 2539 contra*

370 2561 523 2604 eadem
549 2576 680 2616 opera
702 2578 776 2605 seu
798 2570 997 2607 tenentes
1014 2580 1065 2608 ea
1083 2565 1278 2621 ipsorum
1301 2567 1533 2610 occasione
1551 2567 1816 2622 promulgat-¹

365 2638 435 2675 tas
460 2633 500 2675 in
527 2647 847 2689 quoscumque,
871 2636 965 2678 Nos
988 2642 1137 2679 autem
1172 2637 1276 2679 dicti
1310 2638 1476 2681 domini
1511 2638 1648 2681 nostri
1681 2637 1811 2692 cujus

372 2704 681 2759 penitentiarie
700 2707 866 2748 curiam
890 2706 1087 2761 gerimus
1111 2714 1153 2750 et
1176 2709 1228 2752 de
1259 2708 1351 2764 ejus
1375 2709 1554 2764 speciali
1578 2710 1815 2760 mandato‚=

365 2777 464 2819 vive
502 2776 623 2819 vocis
655 2779 835 2820 oraculo
870 2779 995 2821 nobis
1036 2779 1168 2830 facto,
1207 2787 1250 2823 et
1288 2780 1493 2823 duximus
1530 2780 1814 2824 relaxandas:

367 2848 635 2892 Mandantes
653 2848 968 2893 nichilominus
985 2851 1250 2894 auctoritate
1269 2852 1466 2907 predicta
1482 2851 1659 2895 Rectori
1677 2851 1812 2895 eccle·⁴
