2040 3236
445 226 539 265 118‘
833 239 1020 269 ANTomo
1047 229 1174 268 numo
1201 241 1227 268 Y
1254 240 1392 268 Lmen

906 408 1317 472 APENDICES

1099 566 1122 617 1

397 718 526 759 Carta
555 716 611 757 de
637 717 686 757 Ι).
717 717 827 757 Juan
853 717 870 756 1
895 716 938 757 al
958 716 1140 757 Maestre
1159 717 1270 757 Juan
1290 716 1530 758 [fernandez
1555 716 1610 757 de
1633 717 1836 764 Heu-edla,

452 781 696 834 pidiendole
714 792 817 822 aves
840 793 868 833 y
886 793 1033 834 perros
1050 783 1104 822 de
1123 793 1225 823 caza
1243 794 1270 833 y
1288 783 1330 823 la
1351 783 1596 824 {raduccion
1614 781 1668 822 de
1694 783 1843 835 Trogo

443 847 654 899 Pompeyo
671 858 697 898 y
717 847 834 888 otros
850 847 996 888 libros.

445 978 627 1029 Maaetro
647 990 742 1016 caro
770 976 921 1028 amigo:
943 977 1145 1017 Reebuda
1163 978 1360 1018 hauemos
1379 983 1516 1018 vostra
1544 977 1645 1018 letra
1663 991 1833 1019 ensem-

393 1043 464 1082 ble
481 1056 561 1082 con
577 1043 638 1082 III
658 1041 840 1081 falcones
854 1055 990 1082 sacres
1009 1055 1089 1094 que
1107 1055 1185 1082 nos
1203 1042 1256 1081 ha
1274 1042 1434 1082 trahido
1454 1043 1541 1094 fray
1555 1043 1664 1094 hugo
1683 1050 1834 1095 geram

394 1107 672 1147 comendador
692 1106 744 1146 de
763 1105 888 1157 Niqa,
909 1106 961 1146 de
981 1113 1071 1158 part
1089 1114 1241 1157 vostra,
1271 1107 1334 1147 los
1355 1108 1499 1159 quales
1517 1121 1592 1148 son
1618 1115 1734 1161 muyt
1754 1110 1831 1150 be-

393 1174 490 1213 llos.
514 1171 719 1223 Rogando
743 1184 819 1210 vos
843 1170 1021 1211 Maestro
1040 1184 1120 1224 que
1140 1177 1275 1211 tantos
1301 1172 1483 1212 falcones
1501 1186 1637 1212 sacres
1662 1174 1714 1214 de
1740 1175 1839 1214 Ro-

389 1236 528 1277 mania
543 1250 566 1275 e
580 1236 722 1287 galgos
740 1236 792 1274 de
811 1235 998 1288 Turquia
1012 1249 1133 1276 como
1147 1236 1351 1288 podredes
1370 1237 1496 1277 hauet
1510 1251 1588 1278 nos
1605 1238 1830 1280 embiedes.

394 1301 575 1348 Otrossi‚
597 1301 795 1340 hauemos
814 1300 1036 1340 entendido
1054 1314 1134 1352 que
1158 1314 1235 1340 vos
1253 1301 1435 1341 hauedes
1452 1302 1547 1354 aqui
1565 1303 1582 1341 I
1598 1303 1706 1343 libro
1725 1319 1836 1346 nom-

392 1370 525 1421 brado
544 1368 684 1418 Trogo
704 1380 897 1419 pompeo,
929 1381 952 1406 e
983 1368 1166 1408 hauedes
1184 1368 1279 1420 aqui
1299 1381 1355 1407 un
1375 1368 1597 1420 philosoffo
1615 1369 1668 1408 de
1685 1371 1836 1411 Greeia

392 1433 462 1485 qui
488 1446 566 1472 vos
586 1432 794 1472 translada
821 1432 949 1472 libros
969 1433 1021 1472 de
1041 1432 1164 1484 grech
1194 1447 1246 1472 en
1272 1439 1413 1473 nostra
1440 1434 1601 1485 lengua.
1625 1435 1841 1487 Rogamos

392 1512 471 1538 vos
488 1511 587 1549 muy
606 1503 837 1536 earamente
857 1511 936 1550 que
957 1498 1167 1538 embiedes
1185 1499 1224 1538 el
1244 1499 1332 1538 dito
1351 1498 1458 1539 libro
1477 1499 1530 1538 de
1548 1499 1688 1551 Trogo
1707 1514 1829 1552 pom-

391 1577 472 1616 peo
492 1577 515 1602 e
528 1564 583 1603 de
602 1563 666 1602 los
684 1576 764 1614 que
783 1575 860 1602 vos
878 1563 1087 1603 translada
1107 1564 1143 1602 el
1163 1563 1250 1603 dito
1271 1563 1495 1615 philosoffo
1513 1564 1540 1602 ό
1555 1565 1764 1606 translado
1783 1567 1841 1608 de

394 1630 598 1682 aquellos.
628 1629 666 1668 E
697 1629 816 1668 desto
842 1627 1024 1669 Maestro
1048 1642 1126 1669 nos
1151 1629 1312 1670 faredes
1338 1637 1455 1682 muyt
1484 1630 1612 1680 grand
1641 1631 1839 1672 servicio.

394 1696 486 1736 Nos
505 1696 685 1735 Maestre
706 1708 781 1734 vos
801 1694 1044 1743 embiamos,
1063 1708 1138 1747 por
1160 1695 1198 1735 el
1225 1695 1313 1735 dito
1332 1695 1637 1744 Comendador,
1659 1695 1737 1736 dos
1755 1710 1835 1750 po-

391 1762 548 1802 dencos
566 1761 631 1801 los
655 1763 746 1800 mas
765 1760 898 1800 bellos
918 1773 998 1812 que
1023 1773 1101 1801 nos
1124 1773 1246 1812 agora
1280 1767 1479 1808 tenemos,
1507 1761 1571 1802 los
1597 1763 1740 1813 quales
1762 1777 1842 1815 yes

395 1825 579 1867 assaber:
602 1826 638 1864 el
661 1824 782 1877 Royo
797 1839 842 1865 se
860 1825 985 1866 llama
995 1839 1162 1866 vezerro
1181 1839 1204 1866 e
1219 1827 1257 1867 el
1273 1826 1450 1867 blancho
1466 1827 1637 1883 (papate.
1657 1829 1840 1880 Quando

390 1903 574 1930 seremos
593 1903 644 1929 en
665 1890 779 1941 lugat
793 1890 845 1930 de
864 1891 1043 1931 hauerne
1061 1904 1151 1931 mas
1172 1905 1252 1944 que
1271 1905 1368 1932 sean
1384 1892 1542 1932 buenos
1556 1906 1579 1933 e
1593 1893 1740 1940 bellos,
1758 1907 1839 1935 nos

392 1956 579 1996 vosende
605 1955 893 2003 embiaremos,
923 1969 947 1995 e
976 1956 1028 1996 de
1054 1961 1164 2001 otras
1197 1970 1317 1997 cosas
1349 1970 1428 2008 que
1451 1971 1527 1998 vos
1555 1959 1748 2010 eumplen
1782 1960 1838 2000 de

399 2021 520 2061 acha.
541 2022 664 2062 Dada
684 2036 733 2062 en
764 2022 885 2062 Euna
904 2022 1000 2063 dius
1028 2028 1168 2062 nostro
1188 2022 1310 2063 siello
1330 2029 1503 2070 secreto,
1524 2036 1548 2062 a
1567 2036 1652 2063 xvn
1673 2023 1764 2064 dias
1783 2024 1841 2064 de

394 2086 663 2133 Nmiembre.
686 2088 751 2128 En
768 2089 806 2128 el
822 2102 932 2140 anyo
947 2089 1000 2128 de
1015 2088 1089 2128 mil
1104 2088 1350 2129 Trezientos
1365 2089 1467 2129 lxxx
1481 2089 1653 2143 Quatro.
1671 2089 1835 2130 Primo-

384 2152 565 2203 genitus.
1054 2201 1057 2205 Ι

448 2219 488 2258 Α
508 2225 651 2258 nostro
670 2232 766 2259 caro
783 2218 920 2271 amigo
939 2220 976 2260 el
996 2221 1175 2260 Maestre
1195 2219 1262 2260 del
1284 2220 1434 2272 Spital.

1125 2321 1327 2367 (le-1748,
1348 2319 1417 2358 fol.
1442 2333 1501 2359 121
1525 2321 1688 2368 vuelto.)

1085 2445 1131 2492 II

395 2570 526 2611 Carta
545 2568 599 2607 de
619 2568 671 2610 Ι).
691 2568 801 2609 Junn
822 2568 838 2609 Ι
857 2569 898 2610 a!
917 2570 1062 2611 mismo
1079 2570 1264 2613 Maesti-e
1284 2570 1482 2623 fleu-edla,
1502 2570 1762 2625 quejafindose
1779 2572 1837 2613 de

451 2644 535 2686 que
560 2633 600 2673 e!
619 2632 826 2685 ejemplar
850 2633 919 2674 de!
938 2636 1087 2676 Josero
1106 2646 1186 2688 que
1204 2634 1244 2676 le
1273 2635 1326 2677 ha
1345 2634 1525 2678 envlado
1544 2648 1598 2677 no
1616 2647 1691 2678 sea
1716 2648 1838 2679 com-

439 2698 574 2752 plote.

445 2828 632 2868 Mnestro
662 2826 812 2878 amigo:
847 2835 1011 2870 vuestra
1040 2830 1139 2871 letra
1172 2830 1371 2871 hauemos
1398 2830 1589 2871 reeebida
1620 2831 1833 2873 ensemble

394 2905 478 2934 con
497 2894 536 2934 el
557 2892 663 2932 libro
676 2892 866 2932 clamado
882 2893 1054 2946 jusessns
1069 2896 1121 2935 de
1142 2894 1252 2935 bello
1268 2894 1466 2948 judayeo,
1482 2896 1681 2954 e10s1111
1703 2897 1834 2938 lebre-
