1930 3204
595 254 789 283 ARNALDo
818 254 873 280 DE
902 251 1113 282 vlLANOVA
1436 242 1515 294 381

131 340 182 378 ut
202 334 319 390 quod
341 334 512 389 publice
537 338 580 375 et
602 331 836 376 temerarie
874 331 1171 386 attemptavit,
1206 332 1378 387 publice
1411 339 1454 375 et
1483 333 1569 375 ho-

132 412 258 449 neste
281 404 436 448 debeat
458 418 676 455 revocare,
702 409 750 445 ut
776 402 949 457 publice
975 403 1142 445 offense
1179 404 1354 458 publica
1388 418 1571 459 respon·

134 478 236 521 deat
258 476 502 532 penitentia
517 490 593 517 seu
612 475 822 518 vindicta.
847 474 1059 516 Debeatis
1080 476 1214 516 etiam
1234 490 1312 517 vos
1329 476 1573 520 certificare

138 562 239 591 cum
256 549 372 590 dicto
394 547 526 590 fratre
548 560 681 600 super
704 545 789 587 hiis
814 559 898 599 que
922 545 1035 587 dixit
1059 546 1101 587 in
1127 547 1319 601 predicto
1351 562 1568 599 sermone,

137 625 355 674 quatenus
373 618 618 673 predictum
637 616 863 669 negotium
886 621 1092 669 tangunt,
1113 624 1157 658 et
1175 619 1289 671 quod
1312 618 1407 672 ejus
1436 632 1571 661 asser·

136 691 304 733 tionem
330 690 372 732 in
396 689 655 744 scripturam
683 687 905 742 publicam
932 688 1067 741 redigi
1090 688 1259 730 faciatis
1282 695 1329 731 ut
1360 690 1413 731 de
1445 690 1574 732 dictis

137 760 230 816 ejus
253 760 483 802 temerarie
505 757 691 814 prolatis
715 772 867 799 coram
906 772 1083 800 summo
1117 759 1326 814 pontifice
1357 762 1423 801 vel
1450 761 1574 803 audi-

137 838 230 875 tore
259 846 335 887 per
365 831 507 885 ipsum
531 830 817 872 concedendo
851 829 1006 871 haberi
1030 831 1178 872 valeat
1201 832 1329 885 plena
1351 831 1477 873 fides.
1514 833 1574 875 Et

137 902 400 958 supradictis
431 902 638 944 omnibus
676 908 719 943 et
755 902 945 955 singulis
981 902 1254 952 eorumdem,
1299 903 1397 956 Ego
1430 903 1574 944 dictus

139 974 432 1028 Raymundus
455 972 709 1015 nominibus
727 972 889 1026 quibus
909 987 1042 1026 supra
1061 987 1161 1014 cum
1184 987 1349 1027 magna
1364 974 1570 1016 instantia

136 1045 311 1100 postulo
334 1051 377 1087 et
400 1044 587 1099 requiro,
611 1050 658 1086 ut
686 1059 764 1085 vos
790 1045 1047 1086 Reverende
1078 1046 1208 1086 Pater
1232 1044 1327 1086 sitis
1362 1046 1577 1087 sollicitus

136 1121 180 1160 et
201 1116 399 1158 intentus
421 1116 538 1158 circa
559 1130 712 1158 eorum
737 1117 1059 1169 exequtionem,
1086 1117 1234 1158 taliter
1252 1131 1330 1158 vos
1348 1118 1569 1171 habendo⁷

139 1188 253 1243 quod
277 1188 329 1230 de
352 1187 569 1242 injustitia
591 1195 669 1230 s‘eu
694 1188 964 1242 negligentia
996 1202 1083 1229 non
1116 1189 1295 1242 possitis
1331 1189 1460 1238 modo
1484 1189 1570 1230 ali-

137 1273 223 1314 quo
245 1259 473 1313 inculpari.
500 1260 627 1300 Alias
650 1265 865 1314 protestor
886 1259 999 1313 quod
1022 1274 1101 1300 vos
1133 1261 1254 1302 eritis
1284 1261 1326 1302 in
1357 1262 1486 1315 culpa
1518 1261 1574 1302 de

117 1329 255 1372 ·dicta
287 1330 539 1372 temeritate
567 1337 610 1372 et
639 1331 692 1372 de
722 1344 1001 1384 quacumque
1033 1332 1167 1372 etiam
1202 1331 1348 1373 futura
1380 1346 1461 1386 que
1496 1346 1571 1385 per

139 1400 303 1444 dictum
327 1401 506 1443 fratrem
538 1408 580 1443 et
610 1415 909 1455 quoscumque
937 1402 1049 1442 alios
1078 1402 1394 1457 cujuscumque
1427 1409 1575 1444 status

138 1472 227 1514 sint
250 1472 424 1526 publice
447 1473 719 1526 predicantes
749 1472 791 1513 in
825 1472 1111 1526 prejudicium
1142 1474 1358 1515 dictorum
1387 1487 1571 1528 operum

141 1542 242 1586 dicti
267 1543 466 1597 magistri
490 1542 672 1585 Arnaldi
696 1550 737 1584 et
759 1542 875 1584 fame
898 1543 991 1597 ejus
1015 1544 1205 1586 comissa
1227 1551 1294 1586 est
1311 1552 1354 1587 et
1378 1551 1572 1599 postmo-

138 1613 242 1657 dum
266 1615 584 1656 comitteretur:
611 1615 790 1668 possitis
806 1614 941 1656 etiam
966 1615 1016 1656 de
1046 1616 1308 1669 necligentia
1332 1630 1408 1670 per
1440 1617 1570 1658 Sum-

138 1698 260 1728 mum
286 1685 542 1728 Pontificem
562 1685 835 1740 reprehendi,
857 1686 1058 1727 similiter
1075 1692 1116 1728 et
1139 1688 1301 1741 puniri.
1327 1689 1385 1730 Et
1408 1688 1462 1730 ad
1482 1701 1573 1728 me-

143 1757 327 1800 moriam
346 1757 659 1811 premissorum
679 1771 758 1799 nec
776 1772 864 1798 non
883 1757 937 1798 ad
954 1759 1333 1801 conservationem
1353 1760 1571 1803 dictorum

141 1841 321 1883 operum
346 1834 388 1870 et
410 1843 463 1871 ea
485 1828 732 1870 tenentium
756 1834 799 1870 et
816 1827 932 1869 farne
955 1828 1058 1870 dicti
1080 1830 1280 1882 magistri
1304 1829 1475 1883 requiro
1495 1843 1576 1870 vos

139 1899 360 1942 notarium
383 1899 709 1954 infrascriptum
734 1906 782 1942 ut
803 1900 856 1942 de
880 1899 1083 1953 predictis
1105 1901 1311 1943 omnibus
1334 1901 1410 1943 fiat
1433 1900 1570 1954 publi-

144 1984 245 2012 cum
285 1971 646 2014 instrumentum.
684 1973 743 2014 Et
781 1972 912 2012 dictus
940 1972 1129 2012 dominus
1163 1972 1391 2027 Episcopus
1428 1971 1571 2023 dicxit,

145 2042 258 2096 quod
280 2042 372 2096 ipse
393 2043 565 2085 ratione
590 2042 938 2084 consecrationis
962 2042 1134 2083 noviter
1150 2041 1344 2083 faciende
1362 2042 1414 2083 de
1431 2042 1577 2083 electo

142 2113 386 2157 dertusensi
410 2115 464 2156 ad
487 2128 620 2168 quam
651 2120 835 2156 vocatus
858 2114 1017 2163 extitit,
1052 2119 1117 2154 est
1148 2127 1396 2155 recessurus
1420 2127 1445 2154 a
1467 2113 1571 2155 civi-

144 2188 237 2227 tate
261 2185 464 2227 Valentie
482 2191 525 2227 et
546 2185 734 2226 dioecesi
758 2185 955 2239 ejusdem
980 2184 1048 2226 die
1076 2185 1280 2226 crastina.
1307 2185 1366 2227 Et
1389 2185 1451 2227 sic
1473 2198 1575 2239 sup-

143 2269 221 2310 pra
242 2252 369 2298 dictis
391 2270 478 2298 non
502 2261 647 2310 potest
670 2256 723 2296 ad
747 2268 927 2308 presens
960 2255 1144 2296 comode
1168 2255 1444 2309 respondere,
1466 2255 1573 2297 dixit

143 2331 292 2370 tamen
315 2328 432 2382 quod
453 2342 504 2370 ex
527 2326 732 2382 predictis
762 2326 885 2368 fieret
914 2326 997 2367 sibi
1028 2332 1354 2381 transumptum
1377 2333 1420 2368 et
1442 2326 1572 2370 faciet

144 2409 273 2451 super
295 2398 499 2452 predictis
521 2398 638 2452 quod
668 2398 720 2440 de
750 2398 847 2452 jure
876 2397 1006 2439 fuerit
1039 2397 1308 2440 faciendum.
1346 2398 1475 2454 Quod
1506 2405 1572 2440 est

143 2473 295 2511 actum
312 2470 515 2512 Valentie
538 2470 580 2512 in
606 2469 770 2524 palatio
790 2469 894 2511 dicti
913 2468 1081 2510 domini
1100 2469 1293 2523 episcopi
1310 2469 1380 2512 die
1397 2474 1440 2511 et
1456 2483 1576 2511 anno

146 2539 191 2582 in
216 2540 357 2594 prima
383 2541 499 2584 linea
520 2534 752 2584 contentis.

208 2609 364 2651 Testes
386 2610 516 2665 hujus
536 2625 612 2666 rey
633 2617 737 2653 sunt
755 2611 1024 2652 Guillelmus
1039 2611 1092 2653 de
1111 2611 1373 2655 Valleviridi
1395 2612 1576 2654 canoni-

146 2694 224 2722 cus
248 2681 466 2731 Valentie,
489 2683 646 2724 Petrus
660 2683 712 2724 de
731 2684 887 2724 Celma
907 2690 949 2723 et
969 2683 1180 2737 magister
1203 2684 1474 2740 Laurentius
1493 2685 1573 2724 Be·

146 2751 307 2793 nedicti
333 2751 526 2805 phisicus
546 2759 590 2795 et
614 2754 835 2795 Arnaldus
862 2754 1057 2794 mercerii
1086 2753 1290 2796 officialis
1321 2754 1579 2796 valentinus

145 2828 189 2863 et
213 2822 462 2864 Bernardus
483 2824 535 2865 de
559 2825 747 2866 Medalia
771 2829 910 2865 rector
933 2825 1115 2866 ecclesie
1141 2825 1332 2867 Cullarie
1355 2831 1395 2866 et
1417 2839 1548 2878 quam
1563 2848 1580 2855 -

146 2893 322 2947 plurimi
345 2893 435 2936 alii.
