1930 3204
450 198 529 249 380
872 211 941 238 na.
975 211 1114 244 Rooua
1142 211 1302 238 cumas

394 288 585 343 singulis
624 288 676 329 de
709 287 987 330 consciencia
1022 288 1187 330 domini
1223 287 1363 331 nostri
1397 286 1562 329 summi
1600 286 1831 330 Pontificis

394 359 595 401 districte
617 359 896 413 precipiendo
920 360 1200 410 mandamus,
1226 358 1432 414 quatinus
1453 372 1608 400 omnes
1637 359 1828 413 scriptu-

397 445 468 472 ras
502 430 698 484 ejusdem
732 430 930 484 magistri
966 430 1151 472 Arnaldi
1176 430 1399 484 quondam
1435 429 1627 471 maxime
1655 443 1829 472 sacram

395 502 657 556 scripturam
681 507 917 554 tangentes
934 516 1018 556 que
1036 503 1090 543 ad
1108 516 1187 543 vos
1209 515 1287 542 seu
1311 506 1506 543 vestrum
1530 501 1702 554 aliquos
1723 514 1830 554 quo-

397 572 639 615 modolibet
661 572 909 626 pervenisse
934 578 1179 615 noscuntur
1211 573 1271 614 nil
1307 573 1370 614 eis
1407 573 1602 614 detracto
1624 572 1692 613 vel
1715 585 1830 625 quo·

398 644 638 686 modolibet
659 644 879 686 diminuto
901 645 1120 686 Bernardo
1140 645 1320 687 oliverii
1336 645 1435 686 dicti
1458 644 1651 700 magistri
1667 642 1806 686 Amal
1814 669 1830 674 -

397 716 442 757 cla·
455 717 758 771 consanguineo
780 722 823 757 et
845 715 1034 772 Johanni
1059 716 1111 757 de
1134 722 1287 757 monte
1311 716 1417 757 ulini
1440 715 1600 757 domini
1616 718 1724 770 pape
1739 728 1833 756 con·

388 786 545 842 sessori
558 787 829 841 presentium
861 787 1089 837 latoribus,
1110 801 1225 841 quos
1246 793 1420 840 propter
1448 786 1532 827 hoc
1555 786 1610 827 ad
1631 799 1710 826 vos
1733 799 1831 840 spe-

398 858 568 899 cialiter
589 858 882 908 destinamus,
908 871 984 911 per
1016 872 1092 898 eos
1125 859 1179 900 ad
1212 871 1291 899 nos
1315 857 1596 911 postmodum
1622 855 1830 898 defferen-

398 930 477 972 das
507 935 550 971 et
582 930 735 971 deinde
769 944 844 983 per
873 943 953 970 nos
987 929 1279 983 assignandas
1307 929 1449 970 eidem
1473 929 1652 970 domino
1681 934 1834 971 nostro

396 1001 521 1042 omni
547 1015 670 1042 mora
693 1007 736 1043 et
758 1001 990 1042 occasione
1013 1015 1087 1042 seu
1113 1001 1397 1042 excusatione
1421 999 1677 1054 postpositis
1713 999 1834 1041 exhi-

398 1072 498 1113 bere
522 1073 701 1122 curetis,
727 1073 894 1114 nullam
914 1071 1055 1113 eidem
1081 1072 1307 1114 Bernardo
1331 1071 1374 1113 in
1394 1085 1582 1125 persona
1604 1072 1672 1112 vel
1697 1071 1829 1112 rebus

400 1143 605 1197 injuriam
630 1158 708 1185 seu
726 1144 987 1185 violentiam
1008 1149 1083 1184 aut
1101 1143 1341 1184 novitatem
1357 1156 1683 1197 quamcumque
1698 1156 1830 1184 occa-

399 1215 523 1256 sione
546 1217 614 1257 vel
638 1230 771 1257 causa
803 1215 1134 1269 quomodolibet
1158 1214 1400 1257 inferendo.
1429 1216 1556 1256 Datis
1578 1215 1734 1256 vienne
1756 1213 1826 1255 die

396 1286 466 1342 xxj
477 1284 522 1337 .“,
551 1287 717 1328 mensis
733 1286 997 1328 Decembris
1022 1287 1313 1329 pontificatus
1329 1285 1599 1328 sanctissimi
1623 1285 1761 1339 patris
1783 1289 1828 1327 et

396 1358 566 1400 domini
590 1359 727 1400 nostri
753 1357 999 1401 Clementis
1015 1372 1126 1412 pape
1142 1357 1283 1412 quinti
1307 1371 1422 1398 anno
1440 1356 1630 1411 septimo
1655 1357 1828 1410 (1311).

457 1431 516 1472 Et
539 1430 654 1472 facta
676 1430 760 1472 fide
782 1430 835 1472 de
855 1429 1059 1483 predictis
1093 1418 1251 1471 litteris
1285 1429 1458 1483 requiro
1492 1442 1571 1470 vos
1606 1430 1833 1471 Reveren-

394 1502 501 1544 dum
528 1508 697 1556 patrem
728 1508 1009 1556 vestrumque
1042 1501 1238 1543 officium
1275 1500 1500 1542 humiliter
1536 1500 1835 1554 implorando,

395 1579 617 1627 quatenus
650 1573 802 1615 statim
842 1579 885 1615 et
922 1572 1234 1621 incontinenti,
1277 1586 1378 1614 cum
1418 1572 1662 1627 periculum
1698 1571 1756 1613 sit
1790 1571 1837 1614 in

398 1658 535 1698 mora,
559 1651 602 1686 et
629 1641 809 1699 propter
827 1651 1022 1686 vestrum
1059 1644 1310 1698 proximum
1343 1657 1566 1685 recessum
1597 1658 1623 1685 a
1654 1643 1835 1685 civitate

395 1721 440 1757 et
462 1730 599 1771 regno
623 1716 828 1766 valentie‚
857 1721 904 1758 ut
923 1715 1169 1766 dieitur‚,et
1192 1730 1245 1757 ne
1272 1714 1450 1757 malicia
1478 1714 1583 1756 dicti
1618 1714 1765 1756 fratris
1788 1718 1833 1757 et

395 1788 698 1830 consimilium
725 1788 865 1842 possit
888 1794 1044 1830 contra
1068 1789 1216 1829 Deum
1237 1792 1278 1827 et
1295 1786 1517 1840 justitiam
1541 1786 1586 1827 in
1606 1791 1832 1840 posterum

398 1859 590 1901 nimium
627 1860 858 1914 pullulare,
895 1859 1068 1901 faciatis
1106 1859 1247 1901 dictas
1279 1859 1449 1901 litteras
1487 1872 1564 1912 per
1601 1857 1833 1901 universas

397 1930 603 1973 dioecesis
626 1937 768 1972 vestre
786 1930 995 1973 eeclesias
1015 1930 1207 1972 maxime
1224 1929 1489 1984 principales
1513 1929 1724 1983 publicari
1744 1929 1834 1972 die·

398 2003 478 2044 bus
495 2002 730 2045 dominicis
753 2008 795 2044 et
823 2002 1010 2057 festivis,
1036 2008 1078 2044 et
1101 2002 1218 2056 quod
1241 2007 1433 2043 rectores
1456 2001 1740 2043 ecclesiarum
1764 2001 1834 2043 vel

396 2088 550 2116 eorum
575 2073 729 2116 vicarii
747 2074 1020 2116 admoneant
1038 2074 1130 2116 suis
1147 2073 1321 2128 populis
1345 2087 1399 2115 ne
1418 2073 1564 2127 aliqua
1585 2071 1763 2114 sinistra
1780 2073 1834 2115 de

399 2145 602 2199 operibus
625 2145 730 2187 dicti
751 2145 952 2199 magistri
968 2146 1150 2188 credant
1170 2146 1237 2187 vel
1263 2146 1393 2187 modo
1411 2143 1557 2198 aliquo
1581 2157 1835 2198 presumere

398 2217 607 2267 audeant,
634 2217 775 2259 donec
798 2231 875 2271 per
896 2217 1045 2259 sedem
1082 2216 1368 2271 apostolicam
1406 2229 1595 2270 quorum
1629 2214 1831 2257 omnium

398 2288 685 2331 catolicorum
713 2294 856 2330 mater
878 2293 1007 2330 estet
1031 2287 1244 2342 magistra
1265 2293 1308 2330 et
1339 2288 1394 2330 ad
1427 2300 1558 2341 quam
1592 2287 1749 2335 solam.
1784 2292 1835 2330 ut

397 2359 563 2400 dictum
589 2366 670 2410 est,
693 2360 744 2401 de
762 2359 1062 2414 questionibus
1079 2359 1180 2402 fidei
1198 2359 1386 2414 pertinet
1400 2358 1612 2413 judicare,
1637 2357 1741 2411 quid
1757 2371 1831 2400 su-

398 2443 474 2484 per
496 2431 624 2472 dictis
646 2431 853 2484 operibus
875 2431 1152 2473 sentiendum
1183 2430 1311 2472 suerit
1333 2429 1592 2484 judicatum.
1628 2429 1834 2473 Inhibea-

396 2501 456 2543 tis
479 2503 611 2543 etiam
647 2503 765 2544 dicto
800 2502 919 2544 fratri
955 2502 1167 2545 Bernardi
1206 2501 1372 2544 Durani
1407 2507 1448 2543 et
1482 2501 1832 2555 quibuscumque

395 2573 497 2616 aliis
520 2573 837 2628 cujuscumque
860 2574 1027 2616 ordinis
1050 2580 1092 2616 et
1116 2578 1259 2616 status
1280 2573 1367 2615 sint
1393 2572 1566 2627 publice
1599 2572 1830 2626 predican-

395 2645 524 2695 tibus,
548 2660 601 2687 ne
624 2646 751 2687 dictis
774 2646 976 2699 operibus
1009 2644 1280 2688 detrahendo
1311 2644 1553 2699 predictum
1578 2655 1832 2699 processum

396 2721 625 2770 tamquam
652 2717 950 2766 temerarium,
979 2723 1208 2771 tamquam
1235 2715 1404 2770 iniqum
1428 2721 1470 2757 et
1492 2715 1656 2757 factum
1675 2719 1826 2757 contra

391 2786 502 2841 juris
521 2786 705 2829 sormam
730 2795 772 2829 et
799 2788 996 2840 rationis,
1019 2788 1179 2831 alicubi
1202 2788 1395 2831 audeant
1421 2786 1660 2842 publicare,
1688 2785 1836 2841 preci—

397 2857 556 2911 piendo
578 2857 712 2900 etiam
736 2858 851 2900 dicto
884 2859 1003 2902 fratri
1035 2858 1261 2902 Bernardo
1294 2857 1554 2914 publicatori
1576 2857 1841 2908 temerario,
