1930 3204
642 286 667 312 A
696 283 983 312 RoneistLLE
1400 272 1486 327 387

84 363 384 415 opportunus)
422 367 668 406 extremam
690 363 1110 418 impedimentorum
1134 369 1329 419 partem,
1361 368 1407 406 et
1437 378 1535 418 eos,

85 431 166 486 qui
198 432 430 476 novissimi
463 434 657 489 agminis
691 434 950 476 incedentes
985 434 1181 476 subsidio
1219 436 1538 489 praecedentes

90 503 345 555 tuebantur,
370 505 561 560 desuper
583 505 883 557 incursantes,
919 506 964 548 in
986 506 1227 547 subiectam
1261 506 1423 547 vallem
1447 505 1540 548 dei-

86 576 233 627 ciunt,
256 584 548 632 consertoque
570 592 673 620 cum
696 578 760 620 eis
783 578 966 632 proelio,
987 591 1124 631 usque
1146 577 1202 618 ad
1221 590 1355 618 unum
1381 591 1541 620 omnes

91 646 380 697 interficiunt,
421 662 473 691 ac
509 649 691 704 direptis
728 648 1079 704 impedimentis,
1120 647 1263 689 noctis
1301 648 1537 701 beneflcio,

85 731 206 772 quae
238 719 328 761 iam
362 719 574 771 instabat,
601 721 807 775 protecti,
833 732 1012 762 summa
1034 732 1136 759 cum
1161 718 1386 759 celeritate
1409 719 1452 760 in
1475 719 1543 760 di·

90 803 219 831 versa
241 790 571 845 disperguntur.
594 792 851 834 Adiuvabat
886 791 931 832 in
965 789 1049 831 hoe
1081 789 1200 831 facto
1223 789 1474 831 Wascones
1494 796 1541 832 et

92 860 249 902 levitas
272 875 514 913 armorum,
541 868 586 905 et
609 862 690 905 loci
721 863 765 905 in
789 877 875 917 quo
899 876 969 904 res
996 861 1232 914 gerebatur
1255 861 1383 911 situs;
1409 876 1544 903 econ·-

87 935 162 972 tra
186 931 383 973 Francos
405 938 448 974 et
470 946 698 975 armorum
721 933 917 987 gravitas
938 939 982 975 et
1005 933 1088 974 loci
1112 931 1324 986 iniquitas
1348 947 1424 986 per
1445 948 1543 976 om-

94 1002 168 1043 nia
193 1002 498 1046 Wasconibus
535 1004 725 1046 reddidit
760 1005 969 1058 impares.
1004 1005 1058 1045 In
1087 1017 1173 1057 quo
1204 1004 1369 1058 proelio
1400 1004 1545 1059 Eggi-

90 1068 258 1115 ¹hardus
281 1074 428 1129 regiae
452 1089 634 1117 mensae
657 1076 952 1130 praepositus,
981 1076 1221 1118 Anselmus
1240 1089 1390 1117 comes
1415 1077 1547 1130 pala-

90 1145 160 1199 tii,
182 1150 227 1186 et
248 1146 566 1188 Hruodlandus
585 1147 830 1189 Britannici
855 1148 1011 1189 limitis
1034 1146 1298 1200 praefectus,
1319 1161 1422 1188 cum
1443 1147 1545 1190 aliis

86 1218 400 1271 compluribus
422 1218 763 1260 interficiuntur.
785 1219 940 1274 Neque
962 1219 1046 1260 hoc
1069 1218 1236 1260 factum
1262 1220 1315 1259 ad
1336 1232 1547 1271 praesens

94 1287 307 1330 vindicari
339 1294 528 1342 poterat,
563 1289 667 1342 quia
691 1289 846 1339 hostis,
874 1304 919 1331 re
944 1295 1212 1343 perpetrata,
1235 1290 1297 1332 ita
1319 1290 1548 1343 dispersus

86 1362 177 1408 test,
199 1364 246 1400 ut
261 1373 318 1400 ne
339 1358 459 1401 fama
476 1359 654 1413 quidem
679 1367 944 1411 remaneret,
966 1361 1148 1402 ubinam
1167 1362 1367 1415 gentium
1390 1364 1546 1416 quaeri

95 1430 355 1485 potuisset.»

156 1502 222 1544 Ne
244 1503 303 1556 gli
328 1502 490 1544 Annali
511 1501 791 1554 Lazarissenu)
813 1506 867 1545 ne
883 1504 944 1556 gli
970 1504 1275 1560 Eginardiani,
1296 1507 1350 1546 ne
1374 1506 1417 1546 la
1441 1506 1547 1547 Vita

87 1573 139 1616 di
167 1573 296 1616 Carlo
319 1574 547 1626 precisano
578 1574 607 1616 il
640 1581 778 1628 punto
811 1575 922 1616 dove
957 1576 1089 1617 Carlo
1122 1576 1231 1616 ebbe
1255 1591 1280 1617 a
1314 1590 1497 1617 varcare
1532 1577 1545 1618 i

97 1646 285 1690 Pirenei.
311 1646 525 1688 Tuttavia
549 1650 571 1688 e
595 1647 650 1688 da
672 1648 858 1688 ritenere
882 1647 1187 1699 indubitabile,
1210 1662 1236 1688 o
1255 1661 1366 1701 poco
1389 1662 1541 1700 meno,

89 1716 178 1759 che
195 1717 262 1760 cio
280 1717 476 1771 seguisse
496 1718 670 1771 proprio
689 1719 730 1774 al·
744 1732 872 1771 passo
892 1719 932 1760 di
946 1719 1238 1761 Roneisvalle.
1260 1720 1354 1761 Che
1372 1720 1427 1761 ad
1445 1733 1546 1762 esso

89 1787 135 1830 ci
152 1788 302 1843 riporti
322 1788 393 1842 poi
409 1802 581 1843 sempre
599 1790 642 1832 la
662 1790 907 1832 tradizione
924 1791 1048 1844 epica
1068 1788 1137 1840 (Ι),
1161 1806 1247 1832 non
1269 1792 1450 1832 sai-ebbe
1468 1806 1545 1849 co-

89 1873 147 1901 sa
168 1859 223 1901 da
247 1861 419 1902 bastare
442 1874 468 1902 a
490 1861 788 1903 convincermi
810 1862 853 1904 di
873 1876 947 1915 per
970 1865 1032 1910 se,
1054 1863 1244 1916 potendo
1262 1869 1437 1903 trovare
1456 1877 1546 1906 una

87 1930 371 1985 spiegazione
382 1931 521 1973 anche
538 1933 608 1973 nel
623 1932 735 1974 fatto
751 1933 832 1974 che
850 1934 891 1974 di
910 1934 957 1986 li,
978 1934 1048 1974 dal
1070 1934 1287 1986 principio
1305 1935 1373 1975 del
1394 1936 1544 1976 secolo

98 2015 158 2052 lx,
182 2003 300 2045 ossia
322 2003 377 2044 da
410 2017 468 2045 un
498 2010 648 2058 tempo
672 2005 752 2046 ben
771 2005 989 2058 prossimo
1007 2007 1096 2047 alla
1113 2004 1352 2046 catastrose
1371 2012 1540 2057 nostra,

90 2074 134 2116 si
150 2074 388 2117 riversasse
412 2089 487 2129 per
512 2077 552 2117 la
578 2076 780 2129 maggior
802 2083 924 2130 parte
944 2077 1060 2118 nella
1086 2076 1282 2130 penisola
1306 2076 1467 2117 iberica
1500 2077 1546 2119 la

95 2146 262 2202 grande
284 2145 484 2188 flumana
506 2147 623 2200 degli
648 2148 891 2188 aecorrenti
915 2148 956 2188 al
980 2148 1179 2201 sepolcro
1203 2148 1243 2188 di
1272 2149 1319 2189 S.
1353 2147 1543 2202 Jacopo.

90 2217 276 2273 Quanto
299 2219 385 2259 alle
409 2219 720 2260 cervellotiche
743 2226 910 2273 pretese
934 2218 1047 2258 dello
1070 2218 1374 2259 stabilimento
1407 2219 1448 2259 di
1483 2233 1544 2261 un

94 2287 266 2341 fospizio
289 2303 312 2329 e
334 2289 376 2330 di
408 2303 468 2330 un
498 2289 647 2330 ordine
679 2290 1147 2330 monastico-militare
1170 2290 1258 2331 alla
1284 2289 1379 2330 foce
1402 2297 1545 2333 siessa

92 2359 144 2400 di
163 2359 349 2402 Ibafieta
368 2358 438 2409 (2),
461 2361 642 2402 sarebbe
661 2360 830 2415 perfino
847 2361 1079 2402 soverchio
1096 2361 1124 2401 il
1141 2361 1264 2402 farne
1283 2363 1536 2414 menzione,

151 2524 201 2570 (1)
254 2525 324 2559 Per
342 2524 375 2560 la
395 2525 586 2571 geografia
605 2525 704 2561 della
725 2527 912 2563 Charison
932 2525 979 2562 de
998 2525 1156 2563 Rolami
1173 2526 1376 2572 segnalero
1396 2538 1449 2562 un
1476 2538 1543 2562 ar-

93 2582 217 2618 ¹ticolo
236 2582 275 2617 di
292 2583 440 2619 Gaston
460 2585 565 2620 Paris
580 2585 681 2619 nella
703 2586 835 2621 Revue
853 2586 1050 2632 Critique,
1077 2585 1179 2632 1869,
1201 2588 1242 2622 2⁰
1259 2597 1370 2629 sem„
1396 2599 1433 2631 p.
1456 2597 1543 2633 173-

106 2640 184 2685 176,
207 2652 228 2675 e
246 2640 268 2675 l’
292 2630 672 2678 «Eclaircissement-
693 2644 755 2679 del
774 2644 827 2678 Ga
837 2645 933 2679 utier
951 2644 1015 2691 gia
1034 2645 1238 2691 segnalato
1258 2645 1323 2691 piu
1349 2645 1542 2690 addicito,

102 2710 141 2746 p.
162 2700 242 2745 384.
263 2710 302 2735 n.
328 2712 356 2736 1.
384 2700 522 2744 Questi
553 2702 677 2737 scritti
709 2711 904 2749 potranno
933 2711 1041 2738 tener
1060 2703 1181 2749 luogo
1200 2704 1326 2738 anche
1346 2703 1446 2739 della
1466 2704 1544 2739 let-

94 2749 271 2797 teratura
291 2769 408 2794 meno
429 2759 664 2796 accessibile.

149 2818 199 2864 (2)
251 2818 292 2853 Si
311 2818 405 2853 veda
425 2818 450 2853 il
471 2818 584 2862 libro,
606 2819 702 2855 utile
723 2820 896 2866 pest-altri
918 2820 1080 2866 rispetti,
1107 2819 1147 2855 di
1177 2821 1221 2857 D.
1250 2821 1367 2857 llario
1389 2823 1541 2857 Sarasa:

99 2873 390 2912 Roncesvalles.
401 2877 556 2914 Reser‘za
569 2878 766 2915 histo'rica
781 2882 830 2916 de
844 2881 887 2915 Ia
901 2880 1004 2916 Real
1019 2880 1134 2916 Casa
1145 2881 1194 2916 de
1215 2881 1397 2916 Nuestra
1410 2881 1536 2916 Serio-
1559 2918 1562 2925 4

91 2935 209 2972 rade
220 2936 512 2983 Roneesvalles,
523 2939 824 2987 ydescripcidn
839 2941 887 2975 de
900 2951 944 2976 su
960 2946 1162 2975 conterno:
1179 2941 1411 2986 Pamplona,
1433 2941 1537 2986 1878.
