1930 3204
417 175 495 211 802
840 184 878 210 F.
910 173 1148 211 RomziGussz
1177 171 1309 210 ΜΑκῑΝ

360 265 469 317 julio
492 265 544 304 de
570 263 683 318 1590
707 260 774 307 (1).
799 249 841 303 Ᾰ
866 273 921 303 10
943 262 995 303 (18
1017 261 1283 315 septiembre
1304 260 1357 301 de
1383 259 1496 314 1592
1515 273 1562 301 se
1579 259 1795 301 bachille—

365 336 413 376 τό
434 349 488 375 en
513 334 725 386 Teologia
747 348 800 374 en
825 334 868 374 la
891 333 944 374 de
968 333 1122 374 Osuna
1145 329 1214 381 (2),
1240 331 1566 372 licenciandose
1587 345 1642 371 en
1668 343 1723 386 14
1745 333 1798 372 de

363 405 473 459 julio
503 405 556 447 de
589 406 703 460 1594
722 419 751 458 y
785 405 1104 446 doctorasmdose
1132 410 1222 444 tres
1254 403 1349 444 dias
1370 402 1554 455 despues
1577 399 1647 449 (3).
1675 403 1738 443 Es
1759 404 1798 443 el

369 479 518 520 Lucas
539 478 591 518 de
614 476 742 519 Soria
763 490 848 530 que
873 475 1105 516 menciona
1130 476 1185 517 D.
1208 474 1392 516 Nicolas
1415 473 1625 525 Antonio,
1650 488 1678 528 y
1702 474 1802 515 her-

368 563 500 591 mano
523 548 590 589 del
615 553 743 601 poeta
777 547 1012 589 Fernando
1041 546 1092 587 de
1121 545 1249 588 Sol-ia
1271 545 1503 587 Galvarro.
1529 545 1616 586 Sus
1645 546 1799 598 padres

369 634 414 661 se
438 619 659 660 llamaban
686 618 824 660 Pedro
844 617 1104 659 Fernandez
1127 609 1180 658 (18
1201 616 1329 659 Soria
1346 631 1374 670 y
1388 616 1504 658 dofia
1527 617 1675 658 Isabel
1697 615 1800 658 Gal-

371 705 497 732 varro
519 687 589 735 14).

372 835 500 877 Soto
525 835 662 889 (JUAN
686 835 782 884 DE),
807 831 980 873 natural
1002 832 1055 873 de
1078 830 1301 873 Granada.

433 903 596 945 Siendo
618 902 830 944 bachiller
863 917 917 944 en
940 903 982 944 la
1005 902 1194 944 facultad
1224 903 1276 943 de
1301 905 1434 943 Artes
1457 916 1535 956 por
1557 903 1600 943 la
1622 900 1803 943 univer-

372 976 497 1018 sidad
519 975 571 1015 de
593 988 644 1015 su
670 974 812 1028 patria
836 975 910 1028 (13
936 975 986 1015 de
1009 979 1140 1028 tnayo
1164 974 1217 1015 de
1243 973 1391 1029 1597),
1409 987 1455 1015 se
1477 972 1661 1015 lieencic'>
1684 987 1738 1014 en
1763 974 1806 1014 la

373 1048 426 1089 de
450 1046 603 1088 Osuna
625 1047 651 1087 εἰ
677 1057 732 1087 10
754 1046 806 1087 (18
827 1046 996 1087 febrero
1020 1047 1072 1087 de
1099 1046 1215 1087 1600
1238 1044 1305 1090 (5).

374 1191 702 1241 sotomayor
724 1189 1004 1242 (FERNANDO
1030 1190 1127 1241 DE).

436 1263 504 1303 En
534 1260 586 1302 15
609 1260 662 1302 de
685 1260 939 1301 noviembre
963 1260 1015 1301 de
1048 1260 1162 1314 1567
1189 1259 1326 1313 probb
1350 1259 1486 1301 haber
1507 1258 1606 1300 oido
1630 1272 1689 1300 un
1711 1272 1810 1300 eur·

376 1346 424 1373 so
446 1333 498 1373 de
523 1333 744 1382 canones,
771 1331 1076 1385 gradua'mdose
1098 1331 1151 1372 de
1176 1330 1387 1372 bachiller
1415 1344 1469 1371 en
1493 1337 1588 1371 esta
1617 1330 1812 1372 facultad

376 1406 403 1446 ἐ.
426 1416 479 1458 17
498 1404 550 1445 (18
573 1403 680 1444 abril
698 1403 751 1444 de
773 1402 904 1458 1570.
932 1403 1022 1443 Era
1046 1403 1220 1444 natural
1240 1403 1292 1443 de
1314 1405 1584 1455 Antequera,
1602 1415 1708 1444 cosa
1728 1415 1812 1455 que

377 1488 434 1517 no
457 1489 566 1529 supo
589 1475 632 1524 ὁ,
659 1475 685 1516 ἑ.
706 1475 747 1515 10
772 1488 940 1524 menos,
964 1487 1022 1515 no
1045 1472 1133 1527 dijo
1159 1474 1216 1516 D.
1239 1473 1420 1515 Nicolais
1442 1473 1636 1515 Antonio
1661 1470 1730 1519 (ὁ).

378 1616 578 1662 suarez
601 1618 702 1670 (Fss.
730 1617 981 1669 Aous'riN),
1007 1615 1253 1658 carmelita.

437 1687 506 1730 Ya
523 1702 597 1730 era
614 1687 736 1729 fraile
753 1702 781 1742 y
797 1687 1026 1729 estudiaba
1045 1687 1263 1741 Teologia
1281 1702 1334 1729 en
1353 1688 1503 1731 Osuna
1521 1703 1600 1743 por
1617 1690 1684 1731 los
1703 1693 1814 1731 afios

378 1762 432 1801 de
460 1760 588 1808 1562,
616 1774 723 1813 pues
746 1774 797 1800 en
824 1773 879 1801 10
901 1759 953 1800 de
972 1758 1100 1812 junio
1134 1759 1276 1813 figura
1308 1774 1438 1802 como
1461 1761 1622 1815 testigo
1645 1760 1699 1802 de
1726 1774 1815 1802 una

380 1832 545 1886 prueba
567 1832 620 1873 de
642 1845 772 1872 curso
795 1831 860 1872 del
883 1830 1096 1872 bachiller
1120 1832 1280 1873 Frutos
1301 1832 1448 1874 perez.
1474 1832 1683 1882 Ademas,
1709 1844 1764 1873 en
1787 1845 1814 1886 9

377 1904 431 1946 de
452 1902 580 1956 junio
602 1903 655 1944 de
682 1903 797 1959 1564
814 1903 1009 1958 justificb
1029 1916 1113 1957 que
1137 1903 1268 1945 desde
1292 1904 1330 1945 el
1353 1918 1379 1959 9
1402 1905 1455 1944 de
1477 1903 1742 1957 septiembre
1762 1903 1815 1945 de

382 1975 492 2030 1561
531 1974 662 2016 habia
686 1975 914 2017 estudiado
948 1982 1037 2016 tres
1060 1989 1210 2016 cursos
1239 1976 1291 2017 de
1315 1974 1446 2017 dicha
1477 1973 1686 2024 faeussad,
1708 1987 1738 2028 y
1759 1987 1813 2016 en

384 2047 437 2088 16
458 2046 510 2088 de
534 2059 663 2101 mayo
686 2046 738 2088 de
765 2046 876 2088 1565
901 2060 984 2101 que
1007 2046 1139 2089 habia
1161 2047 1262 2089 oido
1285 2061 1340 2089 en
1363 2048 1429 2089 los
1457 2050 1566 2089 afios
1594 2045 1646 2088 de
1680 2044 1811 2102 1559.

426 2249 477 2293 (ι)
529 2246 700 2283 Archivo
721 2246 994 2284 universitario
1010 2246 1056 2283 de
1076 2246 1234 2293 Sevilla,
1255 2246 1352 2284 libro
1369 2247 1416 2284 de
1435 2247 1587 2284 Grados
1605 2247 1652 2283 de
1673 2246 1813 2283 Baebi-

380 2305 449 2342 ller
466 2316 515 2341 en
537 2306 649 2342 todus
669 2306 911 2351 Facultades,
934 2305 999 2342 fol.
1029 2317 1105 2343 122.

428 2366 480 2411 (2)
533 2364 786 2402 Universidad
806 2366 854 2401 (18
873 2364 1024 2409 Osuna,
1044 2365 1208 2410 Grados,
1230 2377 1308 2412 reg.
1329 2365 1400 2409 π’,
1421 2364 1485 2402 fol.
1504 2365 1544 2402 ὀι
1570 2364 1617 2401 de
1643 2374 1745 2412 1593.

427 2426 480 2472 (3)
534 2424 790 2461 Universidad
822 2426 869 2462 de
902 2425 1051 2471 Osuna,
1073 2425 1238 2472 Grados,
1255 2436 1333 2473 reg.
1355 2424 1424 2470 2.⁰,
1447 2424 1534 2462 fols.
1561 2436 1582 2472 7
1608 2424 1668 2462 v.⁰
1689 2438 1709 2473 y
1725 2427 1748 2463 8
1766 2425 1814 2461 dc

385 2486 490 2531 1584.

426 2545 479 2590 (4)
531 2544 599 2579 Ass
617 2555 655 2579 se
673 2543 851 2591 averigua
874 2555 945 2591 por
962 2543 1080 2580 cierta
1098 2543 1283 2580 escritura
1302 2543 1349 2580 (18
1367 2543 1568 2580 donacidn
1584 2544 1632 2580 de
1653 2553 1722 2590 300
1738 2543 1813 2580 du·

381 2604 499 2639 cados
517 2604 564 2638 (18
584 2615 668 2647 oro,
689 2603 875 2649 otorgadu
902 2615 972 2651 por
988 2603 1083 2639 ellos
1101 2604 1120 2639 (1
1142 2603 1253 2640 favor
1279 2603 1327 2640 de
1347 2603 1473 2640 Lucus
1494 2603 1682 2650 (Archivo
1701 2612 1814 2640 nota-

380 2663 446 2698 ria!
467 2662 514 2698 (18
534 2662 692 2708 88νιΙΙη,
710 2662 874 2709 registro
892 2663 939 2699 de
960 2662 1061 2699 Juun
1095 2662 1143 2698 (18
1167 2662 1348 2709 Vel-asco,
1369 2666 1415 2702 28
1433 2663 1479 2700 (18
1498 2663 1595 2699 abril
1613 2662 1661 2700 de
1691 2665 1812 2711 1599).

433 2722 482 2765 (5)
534 2721 696 2766 Gradus,
718 2733 795 2768 reg.
817 2721 888 2767 ιο,
910 2722 978 2760 sol.
1002 2722 1019 2758 5
1038 2720 1099 2758 v.⁰
1118 2722 1164 2758 (18
1191 2722 1292 2760 1600.

430 2783 481 2825 (ο)
534 2780 703 2816 l‘rucbas
722 2780 769 2816 (18
797 2792 931 2818 curuos
962 2793 984 2829 y
1012 2780 1217 2827 lecciones,
1240 2781 1308 2818 sol.
1343 2794 1378 2829 3¹
1411 2781 1458 2818 (18
1490 2781 1809 2828 1567.—Gmdos.

385 2849 460 2882 reg.
490 2846 551 2883 ι.”,
574 2838 641 2876 sol.
670 2852 709 2884 ις)
727 2838 773 2875 (18
800 2850 903 2886 1570.
