<?xml version="1.0" encoding="UTF-8"?>
<!DOCTYPE html PUBLIC "-//W3C//DTD XHTML 1.0 Transitional//EN"
    "http://www.w3.org/TR/xhtml1/DTD/xhtml1-transitional.dtd">
<html xmlns="http://www.w3.org/1999/xhtml" xml:lang="en" lang="en">
 <head>
  <title>
</title>
<meta http-equiv="Content-Type" content="text/html;charset=utf-8" />
  <meta name='ocr-system' content='tesseract 3.04.00' />
  <meta name='ocr-capabilities' content='ocr_page ocr_carea ocr_par ocr_line ocrx_word'/>
</head>
<body>
  <div class='ocr_page' id='page_1' title='image "./homenajemennde02menuoft/homenajemennde02menuoft_0708.png"; bbox 0 0 1930 3204; ppageno 0'>
   <div class='ocr_carea' id='block_1_1' title="bbox 391 194 1281 247">
    <p class='ocr_par' dir='ltr' id='par_1_1' title="bbox 391 194 1281 247">
     <span class='ocr_line' id='line_1_1' title="bbox 391 194 1281 247; baseline 0.001 -12"><span class='ocrx_word' id='word_1_1' title='bbox 391 208 470 247; x_wconf 92' lang='lat'>700</span> <span class='ocrx_word' id='word_1_2' title='bbox 823 210 870 237; x_wconf 85' lang='lat' dir='ltr'>M.</span> <span class='ocrx_word' id='word_1_3' title='bbox 902 211 942 239; x_wconf 84' lang='lat' dir='ltr'>R.</span> <span class='ocrx_word' id='word_1_4' title='bbox 975 210 1031 236; x_wconf 85' lang='lat' dir='ltr'>DE</span> <span class='ocrx_word' id='word_1_5' title='bbox 1055 194 1281 237; x_wconf 55' lang='lat' dir='ltr'>&#39;sammon</span> 
     </span>
    </p>
   </div>
   <div class='ocr_carea' id='block_1_2' title="bbox 331 286 1786 992">
    <p class='ocr_par' dir='ltr' id='par_1_2' title="bbox 331 286 1786 992">
     <span class='ocr_line' id='line_1_2' title="bbox 337 286 1784 343; baseline 0.001 -14"><span class='ocrx_word' id='word_1_6' title='bbox 337 288 602 341; x_wconf 87' lang='lat' dir='ltr'>grecisismo</span> <span class='ocrx_word' id='word_1_7' title='bbox 626 302 680 329; x_wconf 92' lang='lat' dir='ltr'>en</span> <span class='ocrx_word' id='word_1_8' title='bbox 705 286 746 329; x_wconf 82' lang='lat' dir='ltr'>el</span> <span class='ocrx_word' id='word_1_9' title='bbox 770 288 879 330; x_wconf 83' lang='lat' dir='ltr'>latin</span> <span class='ocrx_word' id='word_1_10' title='bbox 905 289 956 329; x_wconf 91' lang='lat' dir='ltr'>de</span> <span class='ocrx_word' id='word_1_11' title='bbox 977 302 1030 330; x_wconf 91' lang='lat' dir='ltr'>su</span> <span class='ocrx_word' id='word_1_12' title='bbox 1054 289 1237 343; x_wconf 88' lang='lat' dir='ltr'>tiempo,</span> <span class='ocrx_word' id='word_1_13' title='bbox 1259 301 1287 343; x_wconf 91' lang='lat' dir='ltr'>y</span> <span class='ocrx_word' id='word_1_14' title='bbox 1310 301 1390 342; x_wconf 90' lang='lat' dir='ltr'>por</span> <span class='ocrx_word' id='word_1_15' title='bbox 1411 288 1496 330; x_wconf 91' lang='lat' dir='ltr'>ello</span> <span class='ocrx_word' id='word_1_16' title='bbox 1518 287 1576 329; x_wconf 90' lang='lat' dir='ltr'>ha</span> <span class='ocrx_word' id='word_1_17' title='bbox 1597 287 1784 330; x_wconf 89' lang='lat' dir='ltr'>sentado</span> 
     </span>
     <span class='ocr_line' id='line_1_3' title="bbox 340 359 1778 413; baseline 0.001 -13"><span class='ocrx_word' id='word_1_18' title='bbox 340 359 518 400; x_wconf 82' lang='lat' dir='ltr'>Ritschl</span> <span class='ocrx_word' id='word_1_19' title='bbox 541 373 626 412; x_wconf 91' lang='lat' dir='ltr'>que</span> <span class='ocrx_word' id='word_1_20' title='bbox 654 373 708 400; x_wconf 91' lang='lat' dir='ltr'>en</span> <span class='ocrx_word' id='word_1_21' title='bbox 733 360 776 400; x_wconf 91' lang='grc'><strong>13</strong></span> <span class='ocrx_word' id='word_1_22' title='bbox 799 363 935 413; x_wconf 74' lang='lat' dir='ltr'>epoca</span> <span class='ocrx_word' id='word_1_23' title='bbox 964 359 1015 401; x_wconf 87' lang='lat' dir='ltr'>de</span> <span class='ocrx_word' id='word_1_24' title='bbox 1038 359 1200 402; x_wconf 85' lang='lat' dir='ltr'>Plauto</span> <span class='ocrx_word' id='word_1_25' title='bbox 1223 373 1297 401; x_wconf 91' lang='lat' dir='ltr'>era</span> <span class='ocrx_word' id='word_1_26' title='bbox 1319 359 1608 401; x_wconf 88' lang='lat' dir='ltr'>desconocida</span> <span class='ocrx_word' id='word_1_27' title='bbox 1629 373 1778 401; x_wconf 85' lang='lat' dir='ltr'>seme·</span> 
     </span>
     <span class='ocr_line' id='line_1_4' title="bbox 331 429 1784 485; baseline 0 -13"><span class='ocrx_word' id='word_1_28' title='bbox 331 430 458 484; x_wconf 88' lang='lat' dir='ltr'>jante</span> <span class='ocrx_word' id='word_1_29' title='bbox 481 430 760 485; x_wconf 81' lang='lat' dir='ltr'>duplicacion</span> <span class='ocrx_word' id='word_1_30' title='bbox 784 431 836 473; x_wconf 89' lang='lat' dir='ltr'>de</span> <span class='ocrx_word' id='word_1_31' title='bbox 859 432 924 472; x_wconf 89' lang='grc'>138</span> <span class='ocrx_word' id='word_1_32' title='bbox 947 436 1251 472; x_wconf 85' lang='lat' dir='ltr'>consonantes</span> <span class='ocrx_word' id='word_1_33' title='bbox 1269 429 1338 480; x_wconf 87' lang='lat'>(1);</span> <span class='ocrx_word' id='word_1_34' title='bbox 1369 430 1422 472; x_wconf 89' lang='lat' dir='ltr'>de</span> <span class='ocrx_word' id='word_1_35' title='bbox 1455 431 1587 472; x_wconf 88' lang='lat' dir='ltr'>modo</span> <span class='ocrx_word' id='word_1_36' title='bbox 1618 443 1719 483; x_wconf 88' lang='lat' dir='ltr'>que,</span> <span class='ocrx_word' id='word_1_37' title='bbox 1755 430 1784 472; x_wconf 71' lang='grc' dir='ltr'><strong>ά</strong></span> 
     </span>
     <span class='ocr_line' id='line_1_5' title="bbox 339 501 1784 558; baseline -0.001 -14"><span class='ocrx_word' id='word_1_38' title='bbox 339 503 477 556; x_wconf 88' lang='lat' dir='ltr'>partir</span> <span class='ocrx_word' id='word_1_39' title='bbox 495 503 565 544; x_wconf 90' lang='lat' dir='ltr'>del</span> <span class='ocrx_word' id='word_1_40' title='bbox 590 503 676 544; x_wconf 83' lang='lat'>206</span> <span class='ocrx_word' id='word_1_41' title='bbox 701 507 828 543; x_wconf 85' lang='lat' dir='ltr'>antes</span> <span class='ocrx_word' id='word_1_42' title='bbox 853 503 905 543; x_wconf 89' lang='lat' dir='ltr'>de</span> <span class='ocrx_word' id='word_1_43' title='bbox 927 501 1186 558; x_wconf 89' lang='lat' dir='ltr'>Jesucristo,</span> <span class='ocrx_word' id='word_1_44' title='bbox 1210 501 1338 543; x_wconf 86' lang='lat' dir='ltr'>fecha</span> <span class='ocrx_word' id='word_1_45' title='bbox 1349 502 1401 543; x_wconf 90' lang='lat' dir='ltr'>de</span> <span class='ocrx_word' id='word_1_46' title='bbox 1418 503 1460 543; x_wconf 93' lang='lat' dir='ltr'>la</span> <span class='ocrx_word' id='word_1_47' title='bbox 1476 501 1708 555; x_wconf 77' lang='lat' dir='ltr'>expulsion</span> <span class='ocrx_word' id='word_1_48' title='bbox 1729 501 1784 542; x_wconf 89' lang='lat' dir='ltr'>de</span> 
     </span>
     <span class='ocr_line' id='line_1_6' title="bbox 338 571 1782 629; baseline -0.001 -14"><span class='ocrx_word' id='word_1_49' title='bbox 338 575 405 615; x_wconf 92' lang='lat' dir='ltr'>los</span> <span class='ocrx_word' id='word_1_50' title='bbox 430 573 743 627; x_wconf 87' lang='lat' dir='ltr'>Cartagineses</span> <span class='ocrx_word' id='word_1_51' title='bbox 766 574 819 614; x_wconf 93' lang='lat' dir='ltr'>de</span> <span class='ocrx_word' id='word_1_52' title='bbox 843 574 884 614; x_wconf 90' lang='lat' dir='ltr'>la</span> <span class='ocrx_word' id='word_1_53' title='bbox 909 571 1145 627; x_wconf 86' lang='lat' dir='ltr'>Hispania,</span> <span class='ocrx_word' id='word_1_54' title='bbox 1172 573 1303 615; x_wconf 89' lang='lat' dir='ltr'>hasta</span> <span class='ocrx_word' id='word_1_55' title='bbox 1331 573 1369 614; x_wconf 90' lang='lat' dir='ltr'>el</span> <span class='ocrx_word' id='word_1_56' title='bbox 1395 573 1481 628; x_wconf 90' lang='lat'>184</span> <span class='ocrx_word' id='word_1_57' title='bbox 1494 578 1618 614; x_wconf 80' lang='lat' dir='ltr'>antes</span> <span class='ocrx_word' id='word_1_58' title='bbox 1635 572 1688 613; x_wconf 94' lang='lat' dir='ltr'>de</span> <span class='ocrx_word' id='word_1_59' title='bbox 1702 572 1782 629; x_wconf 90' lang='lat' dir='ltr'>Je-</span> 
     </span>
     <span class='ocr_line' id='line_1_7' title="bbox 337 644 1784 698; baseline -0.001 -12"><span class='ocrx_word' id='word_1_60' title='bbox 337 645 545 695; x_wconf 86' lang='lat' dir='ltr'>sucristo,</span> <span class='ocrx_word' id='word_1_61' title='bbox 571 659 625 686; x_wconf 94' lang='lat' dir='ltr'>en</span> <span class='ocrx_word' id='word_1_62' title='bbox 649 658 732 698; x_wconf 93' lang='lat' dir='ltr'>que</span> <span class='ocrx_word' id='word_1_63' title='bbox 758 645 901 686; x_wconf 79' lang='lat' dir='ltr'>mutio</span> <span class='ocrx_word' id='word_1_64' title='bbox 929 646 967 686; x_wconf 91' lang='lat' dir='ltr'>el</span> <span class='ocrx_word' id='word_1_65' title='bbox 991 644 1158 686; x_wconf 73' lang='lat' dir='ltr'>celebre</span> <span class='ocrx_word' id='word_1_66' title='bbox 1179 650 1308 686; x_wconf 88' lang='lat' dir='ltr'>autor</span> <span class='ocrx_word' id='word_1_67' title='bbox 1330 644 1501 686; x_wconf 66' lang='lat' dir='ltr'>comico</span> <span class='ocrx_word' id='word_1_68' title='bbox 1523 644 1575 686; x_wconf 84' lang='lat' dir='ltr'>de</span> <span class='ocrx_word' id='word_1_69' title='bbox 1598 644 1641 684; x_wconf 91' lang='grc'>13</span> <span class='ocrx_word' id='word_1_70' title='bbox 1664 644 1784 687; x_wconf 90' lang='lat' dir='ltr'>Um-</span> 
     </span>
     <span class='ocr_line' id='line_1_8' title="bbox 339 715 1784 770; baseline -0.001 -13"><span class='ocrx_word' id='word_1_71' title='bbox 339 716 448 766; x_wconf 85' lang='lat' dir='ltr'>bria,</span> <span class='ocrx_word' id='word_1_72' title='bbox 472 730 527 757; x_wconf 91' lang='lat' dir='ltr'>no</span> <span class='ocrx_word' id='word_1_73' title='bbox 551 717 668 770; x_wconf 91' lang='lat' dir='ltr'>pudo</span> <span class='ocrx_word' id='word_1_74' title='bbox 699 715 929 757; x_wconf 89' lang='lat' dir='ltr'>escribirse</span> <span class='ocrx_word' id='word_1_75' title='bbox 957 716 1143 767; x_wconf 85' lang='lat' dir='ltr'><em>Iliberri,</em></span> <span class='ocrx_word' id='word_1_76' title='bbox 1175 715 1273 758; x_wconf 89' lang='lat' dir='ltr'>sino</span> <span class='ocrx_word' id='word_1_77' title='bbox 1301 715 1482 766; x_wconf 80' lang='lat' dir='ltr'>Hiberis,</span> <span class='ocrx_word' id='word_1_78' title='bbox 1506 729 1534 770; x_wconf 93' lang='lat' dir='ltr'>y</span> <span class='ocrx_word' id='word_1_79' title='bbox 1555 715 1650 757; x_wconf 79' lang='lat' dir='ltr'>solo</span> <span class='ocrx_word' id='word_1_80' title='bbox 1673 727 1784 768; x_wconf 93' lang='lat' dir='ltr'>poco</span> 
     </span>
     <span class='ocr_line' id='line_1_9' title="bbox 338 785 1784 844; baseline -0.001 -15"><span class='ocrx_word' id='word_1_81' title='bbox 338 794 468 829; x_wconf 90' lang='lat' dir='ltr'>antes</span> <span class='ocrx_word' id='word_1_82' title='bbox 490 788 560 829; x_wconf 89' lang='lat' dir='ltr'>del</span> <span class='ocrx_word' id='word_1_83' title='bbox 587 789 670 843; x_wconf 83' lang='lat'>169</span> <span class='ocrx_word' id='word_1_84' title='bbox 694 794 818 829; x_wconf 87' lang='lat' dir='ltr'>antes</span> <span class='ocrx_word' id='word_1_85' title='bbox 840 787 892 828; x_wconf 93' lang='lat' dir='ltr'>de</span> <span class='ocrx_word' id='word_1_86' title='bbox 913 787 1171 844; x_wconf 85' lang='lat' dir='ltr'>Jesucristo,</span> <span class='ocrx_word' id='word_1_87' title='bbox 1189 801 1243 829; x_wconf 92' lang='lat' dir='ltr'>en</span> <span class='ocrx_word' id='word_1_88' title='bbox 1265 800 1349 841; x_wconf 89' lang='lat' dir='ltr'>que</span> <span class='ocrx_word' id='word_1_89' title='bbox 1371 786 1468 841; x_wconf 89' lang='lat' dir='ltr'>deja</span> <span class='ocrx_word' id='word_1_90' title='bbox 1495 787 1549 828; x_wconf 90' lang='lat' dir='ltr'>de</span> <span class='ocrx_word' id='word_1_91' title='bbox 1570 786 1722 828; x_wconf 84' lang='lat' dir='ltr'>existir</span> <span class='ocrx_word' id='word_1_92' title='bbox 1743 785 1784 828; x_wconf 92' lang='lat' dir='ltr'>el</span> 
     </span>
     <span class='ocr_line' id='line_1_10' title="bbox 337 856 1786 913; baseline 0 -14"><span class='ocrx_word' id='word_1_93' title='bbox 337 872 396 913; x_wconf 91' lang='lat' dir='ltr'>ya</span> <span class='ocrx_word' id='word_1_94' title='bbox 418 859 662 899; x_wconf 86' lang='lat' dir='ltr'>nombrado</span> <span class='ocrx_word' id='word_1_95' title='bbox 693 856 893 913; x_wconf 82' lang='lat' dir='ltr'>profesor</span> <span class='ocrx_word' id='word_1_96' title='bbox 919 858 974 899; x_wconf 89' lang='lat' dir='ltr'>de</span> <span class='ocrx_word' id='word_1_97' title='bbox 1003 857 1170 911; x_wconf 86' lang='lat' dir='ltr'>griego,</span> <span class='ocrx_word' id='word_1_98' title='bbox 1207 857 1279 900; x_wconf 65' lang='lat' dir='ltr'>fue</span> <span class='ocrx_word' id='word_1_99' title='bbox 1311 857 1438 900; x_wconf 88' lang='lat' dir='ltr'>dable</span> <span class='ocrx_word' id='word_1_100' title='bbox 1466 871 1554 911; x_wconf 87' lang='lat' dir='ltr'>que</span> <span class='ocrx_word' id='word_1_101' title='bbox 1572 872 1618 899; x_wconf 88' lang='lat' dir='ltr'>se</span> <span class='ocrx_word' id='word_1_102' title='bbox 1641 857 1786 900; x_wconf 87' lang='lat' dir='ltr'>intro-</span> 
     </span>
     <span class='ocr_line' id='line_1_11' title="bbox 340 929 1784 992; baseline 0.001 -22"><span class='ocrx_word' id='word_1_103' title='bbox 340 929 493 983; x_wconf 87' lang='lat' dir='ltr'>dujera</span> <span class='ocrx_word' id='word_1_104' title='bbox 524 935 618 970; x_wconf 91' lang='lat' dir='ltr'>esta</span> <span class='ocrx_word' id='word_1_105' title='bbox 651 929 998 983; x_wconf 79' lang='lat' dir='ltr'>pronunciacion</span> <span class='ocrx_word' id='word_1_106' title='bbox 1033 929 1206 992; x_wconf 88' lang='lat' dir='ltr'>viciada</span> <span class='ocrx_word' id='word_1_107' title='bbox 1236 930 1291 971; x_wconf 86' lang='lat' dir='ltr'>de</span> <span class='ocrx_word' id='word_1_108' title='bbox 1323 929 1494 972; x_wconf 82' lang='lat' dir='ltr'><em>Iliberri</em></span> <span class='ocrx_word' id='word_1_109' title='bbox 1523 944 1578 972; x_wconf 89' lang='lat' dir='ltr'>en</span> <span class='ocrx_word' id='word_1_110' title='bbox 1608 930 1647 970; x_wconf 88' lang='lat' dir='ltr'>el</span> <span class='ocrx_word' id='word_1_111' title='bbox 1669 929 1784 971; x_wconf 87' lang='lat' dir='ltr'>latin</span> 
     </span>
    </p>
   </div>
   <div class='ocr_carea' id='block_1_3' title="bbox 266 1001 1788 1055">
    <p class='ocr_par' dir='ltr' id='par_1_3' title="bbox 266 1001 1788 1055">
     <span class='ocr_line' id='line_1_12' title="bbox 266 1001 1788 1055; baseline 0 -13"><span class='ocrx_word' id='word_1_112' title='bbox 266 1025 276 1035; x_wconf 76' lang='lat'>=</span> <span class='ocrx_word' id='word_1_113' title='bbox 337 1002 575 1051; x_wconf 87' lang='lat' dir='ltr'>ordinario,</span> <span class='ocrx_word' id='word_1_114' title='bbox 614 1002 806 1050; x_wconf 73' lang='lat' dir='ltr'>rusticus,</span> <span class='ocrx_word' id='word_1_115' title='bbox 843 1014 1016 1054; x_wconf 87' lang='lat' dir='ltr'>aunque</span> <span class='ocrx_word' id='word_1_116' title='bbox 1048 1015 1106 1042; x_wconf 91' lang='lat' dir='ltr'>no</span> <span class='ocrx_word' id='word_1_117' title='bbox 1139 1015 1191 1042; x_wconf 90' lang='lat' dir='ltr'>en</span> <span class='ocrx_word' id='word_1_118' title='bbox 1227 1002 1394 1055; x_wconf 88' lang='lat' dir='ltr'>griego,</span> <span class='ocrx_word' id='word_1_119' title='bbox 1422 1007 1578 1055; x_wconf 90' lang='lat' dir='ltr'>puesto</span> <span class='ocrx_word' id='word_1_120' title='bbox 1605 1015 1689 1055; x_wconf 86' lang='lat' dir='ltr'>que</span> <span class='ocrx_word' id='word_1_121' title='bbox 1720 1001 1788 1042; x_wconf 89' lang='lat' dir='ltr'>los</span> 
     </span>
    </p>
   </div>
   <div class='ocr_carea' id='block_1_4' title="bbox 338 1071 1824 2196">
    <p class='ocr_par' dir='ltr' id='par_1_4' title="bbox 338 1071 1824 2196">
     <span class='ocr_line' id='line_1_13' title="bbox 342 1071 1788 1115; baseline -0.001 -1"><span class='ocrx_word' id='word_1_122' title='bbox 342 1073 639 1115; x_wconf 87' lang='lat' dir='ltr'>manuscritos</span> <span class='ocrx_word' id='word_1_123' title='bbox 663 1074 762 1114; x_wconf 74' lang='lat' dir='ltr'>mas</span> <span class='ocrx_word' id='word_1_124' title='bbox 786 1072 1068 1113; x_wconf 86' lang='lat' dir='ltr'>autorizados</span> <span class='ocrx_word' id='word_1_125' title='bbox 1095 1072 1147 1114; x_wconf 89' lang='lat' dir='ltr'>de</span> <span class='ocrx_word' id='word_1_126' title='bbox 1171 1073 1400 1114; x_wconf 85' lang='lat' dir='ltr'>Ptolemeo</span> <span class='ocrx_word' id='word_1_127' title='bbox 1429 1078 1551 1114; x_wconf 88' lang='lat' dir='ltr'>traen</span> <span class='ocrx_word' id='word_1_128' title='bbox 1579 1073 1621 1113; x_wconf 92' lang='lat' dir='ltr'>la</span> <span class='ocrx_word' id='word_1_129' title='bbox 1644 1071 1788 1113; x_wconf 83' lang='lat' dir='ltr'>forma</span> 
     </span>
     <span class='ocr_line' id='line_1_14' title="bbox 341 1142 1824 1205; baseline -0.001 -19"><span class='ocrx_word' id='word_1_130' title='bbox 341 1143 547 1205; x_wconf 80' lang='grc' dir='ltr'>Ιλλιβερις,</span> <span class='ocrx_word' id='word_1_131' title='bbox 574 1143 641 1184; x_wconf 88' lang='lat' dir='ltr'>sin</span> <span class='ocrx_word' id='word_1_132' title='bbox 666 1149 765 1184; x_wconf 79' lang='lat' dir='ltr'>otta</span> <span class='ocrx_word' id='word_1_133' title='bbox 787 1150 1061 1184; x_wconf 85' lang='lat' dir='ltr'>consonante</span> <span class='ocrx_word' id='word_1_134' title='bbox 1085 1143 1313 1197; x_wconf 89' lang='lat' dir='ltr'>duplicada</span> <span class='ocrx_word' id='word_1_135' title='bbox 1336 1142 1435 1184; x_wconf 87' lang='lat' dir='ltr'>sino</span> <span class='ocrx_word' id='word_1_136' title='bbox 1458 1144 1500 1184; x_wconf 92' lang='lat' dir='ltr'>la</span> <span class='ocrx_word' id='word_1_137' title='bbox 1518 1143 1548 1185; x_wconf 85' lang='lat' dir='ltr'>l.</span> <span class='ocrx_word' id='word_1_138' title='bbox 1570 1144 1633 1185; x_wconf 91' lang='lat' dir='ltr'>Es</span> <span class='ocrx_word' id='word_1_139' title='bbox 1650 1143 1786 1185; x_wconf 83' lang='lat' dir='ltr'>cierto</span> <span class='ocrx_word' id='word_1_140' title='bbox 1819 1144 1824 1150; x_wconf 84' lang='lat'><strong><em>&#39;</em></strong></span> 
     </span>
     <span class='ocr_line' id='line_1_15' title="bbox 339 1208 1786 1269; baseline 0.001 -14"><span class='ocrx_word' id='word_1_141' title='bbox 339 1228 425 1268; x_wconf 90' lang='lat' dir='ltr'>que</span> <span class='ocrx_word' id='word_1_142' title='bbox 454 1215 623 1269; x_wconf 85' lang='lat' dir='ltr'>ningt&#39;m</span> <span class='ocrx_word' id='word_1_143' title='bbox 648 1215 895 1256; x_wconf 86' lang='lat' dir='ltr'>sustantivo</span> <span class='ocrx_word' id='word_1_144' title='bbox 924 1228 1109 1256; x_wconf 88' lang='lat' dir='ltr'>romano</span> <span class='ocrx_word' id='word_1_145' title='bbox 1131 1214 1322 1256; x_wconf 86' lang='lat' dir='ltr'>termina</span> <span class='ocrx_word' id='word_1_146' title='bbox 1344 1228 1398 1255; x_wconf 92' lang='lat' dir='ltr'>en</span> <span class='ocrx_word' id='word_1_147' title='bbox 1435 1208 1565 1265; x_wconf 78' lang='lat' dir='ltr'>R1R3</span> <span class='ocrx_word' id='word_1_148' title='bbox 1592 1228 1696 1268; x_wconf 90' lang='lat' dir='ltr'>pero</span> <span class='ocrx_word' id='word_1_149' title='bbox 1730 1227 1786 1256; x_wconf 90' lang='lat' dir='ltr'>en</span> 
     </span>
     <span class='ocr_line' id='line_1_16' title="bbox 340 1285 1788 1340; baseline 0 -13"><span class='ocrx_word' id='word_1_150' title='bbox 340 1285 516 1327; x_wconf 90' lang='lat' dir='ltr'>cambio</span> <span class='ocrx_word' id='word_1_151' title='bbox 539 1286 625 1340; x_wconf 89' lang='lat' dir='ltr'>hay</span> <span class='ocrx_word' id='word_1_152' title='bbox 647 1287 836 1339; x_wconf 89' lang='lat' dir='ltr'>algunos</span> <span class='ocrx_word' id='word_1_153' title='bbox 859 1300 913 1327; x_wconf 91' lang='lat' dir='ltr'>en</span> <span class='ocrx_word' id='word_1_154' title='bbox 936 1286 975 1327; x_wconf 83' lang='lat' dir='ltr'>ir</span> <span class='ocrx_word' id='word_1_155' title='bbox 998 1286 1049 1327; x_wconf 90' lang='lat' dir='ltr'>de</span> <span class='ocrx_word' id='word_1_156' title='bbox 1072 1286 1115 1326; x_wconf 91' lang='lat' dir='ltr'>la</span> <span class='ocrx_word' id='word_1_157' title='bbox 1137 1287 1336 1339; x_wconf 87' lang='lat' dir='ltr'>segunda</span> <span class='ocrx_word' id='word_1_158' title='bbox 1352 1299 1379 1340; x_wconf 93' lang='lat' dir='ltr'>y</span> <span class='ocrx_word' id='word_1_159' title='bbox 1400 1292 1569 1328; x_wconf 86' lang='lat' dir='ltr'>tercera</span> <span class='ocrx_word' id='word_1_160' title='bbox 1590 1285 1788 1328; x_wconf 86' lang='lat' dir='ltr'>declina·</span> 
     </span>
     <span class='ocr_line' id='line_1_17' title="bbox 341 1355 1788 1412; baseline 0 -13"><span class='ocrx_word' id='word_1_161' title='bbox 341 1358 458 1400; x_wconf 73' lang='lat' dir='ltr'>cion:</span> <span class='ocrx_word' id='word_1_162' title='bbox 480 1359 516 1399; x_wconf 90' lang='lat' dir='ltr'>si</span> <span class='ocrx_word' id='word_1_163' title='bbox 541 1360 583 1400; x_wconf 91' lang='lat' dir='ltr'>la</span> <span class='ocrx_word' id='word_1_164' title='bbox 605 1372 749 1400; x_wconf 92' lang='lat' dir='ltr'>nueva</span> <span class='ocrx_word' id='word_1_165' title='bbox 771 1357 914 1400; x_wconf 83' lang='lat' dir='ltr'>forma</span> <span class='ocrx_word' id='word_1_166' title='bbox 936 1355 1058 1400; x_wconf 78' lang='lat' dir='ltr'>ibera</span> <span class='ocrx_word' id='word_1_167' title='bbox 1077 1357 1210 1399; x_wconf 83' lang='lat' dir='ltr'>habia</span> <span class='ocrx_word' id='word_1_168' title='bbox 1231 1358 1284 1399; x_wconf 91' lang='lat' dir='ltr'>de</span> <span class='ocrx_word' id='word_1_169' title='bbox 1307 1358 1538 1412; x_wconf 75' lang='lat' dir='ltr'>adaptasse</span> <span class='ocrx_word' id='word_1_170' title='bbox 1561 1359 1587 1399; x_wconf 73' lang='lat' dir='ltr'>a</span> <span class='ocrx_word' id='word_1_171' title='bbox 1609 1359 1676 1399; x_wconf 92' lang='lat' dir='ltr'>los</span> <span class='ocrx_word' id='word_1_172' title='bbox 1697 1357 1788 1399; x_wconf 88' lang='lat' dir='ltr'>im-</span> 
     </span>
     <span class='ocr_line' id='line_1_18' title="bbox 344 1424 1788 1483; baseline -0.003 -12"><span class='ocrx_word' id='word_1_173' title='bbox 344 1430 605 1483; x_wconf 85' lang='lat' dir='ltr'>parisilabos</span> <span class='ocrx_word' id='word_1_174' title='bbox 627 1430 680 1471; x_wconf 89' lang='lat' dir='ltr'>de</span> <span class='ocrx_word' id='word_1_175' title='bbox 704 1436 797 1471; x_wconf 90' lang='lat' dir='ltr'>esta</span> <span class='ocrx_word' id='word_1_176' title='bbox 821 1430 995 1478; x_wconf 73' lang='lat' dir='ltr'>ultima,</span> <span class='ocrx_word' id='word_1_177' title='bbox 1022 1444 1069 1471; x_wconf 89' lang='lat' dir='ltr'>se</span> <span class='ocrx_word' id='word_1_178' title='bbox 1092 1429 1220 1471; x_wconf 85' lang='lat' dir='ltr'>hacia</span> <span class='ocrx_word' id='word_1_179' title='bbox 1243 1427 1470 1471; x_wconf 86' lang='lat' dir='ltr'>necesaria</span> <span class='ocrx_word' id='word_1_180' title='bbox 1493 1428 1534 1468; x_wconf 91' lang='lat' dir='ltr'>la</span> <span class='ocrx_word' id='word_1_181' title='bbox 1550 1424 1709 1467; x_wconf 69' lang='lat' dir='ltr'>elicion</span> <span class='ocrx_word' id='word_1_182' title='bbox 1733 1426 1788 1468; x_wconf 90' lang='lat' dir='ltr'>de</span> 
     </span>
     <span class='ocr_line' id='line_1_19' title="bbox 341 1498 1787 1556; baseline -0.003 -13"><span class='ocrx_word' id='word_1_183' title='bbox 341 1502 386 1543; x_wconf 86' lang='lat' dir='ltr'>la</span> <span class='ocrx_word' id='word_1_184' title='bbox 403 1501 694 1543; x_wconf 81' lang='lat' dir='ltr'>terminaci6n</span> <span class='ocrx_word' id='word_1_185' title='bbox 710 1500 778 1543; x_wconf 87' lang='lat' dir='ltr'>IR</span> <span class='ocrx_word' id='word_1_186' title='bbox 796 1516 902 1556; x_wconf 82' lang='lat' dir='ltr'>para</span> <span class='ocrx_word' id='word_1_187' title='bbox 921 1501 1042 1556; x_wconf 84' lang='lat' dir='ltr'>dejar</span> <span class='ocrx_word' id='word_1_188' title='bbox 1059 1502 1098 1542; x_wconf 92' lang='lat' dir='ltr'>el</span> <span class='ocrx_word' id='word_1_189' title='bbox 1121 1501 1283 1543; x_wconf 85' lang='lat' dir='ltr'>radical</span> <span class='ocrx_word' id='word_1_190' title='bbox 1305 1501 1459 1543; x_wconf 91' lang='lat' dir='ltr'><strong>ILVR</strong></span> <span class='ocrx_word' id='word_1_191' title='bbox 1477 1500 1502 1540; x_wconf 87' lang='grc' dir='ltr'>ὁ</span> <span class='ocrx_word' id='word_1_192' title='bbox 1522 1498 1716 1541; x_wconf 88' lang='lat' dir='ltr'>ILiVeR</span> <span class='ocrx_word' id='word_1_193' title='bbox 1731 1512 1787 1540; x_wconf 91' lang='lat' dir='ltr'>en</span> 
     </span>
     <span class='ocr_line' id='line_1_20' title="bbox 338 1571 1788 1627; baseline -0.002 -12"><span class='ocrx_word' id='word_1_194' title='bbox 338 1573 610 1627; x_wconf 72' lang='lat' dir='ltr'>disposicion</span> <span class='ocrx_word' id='word_1_195' title='bbox 630 1573 682 1614; x_wconf 90' lang='lat' dir='ltr'>de</span> <span class='ocrx_word' id='word_1_196' title='bbox 697 1587 781 1627; x_wconf 87' lang='lat' dir='ltr'>que</span> <span class='ocrx_word' id='word_1_197' title='bbox 799 1587 845 1620; x_wconf 87' lang='lat' dir='ltr'>se</span> <span class='ocrx_word' id='word_1_198' title='bbox 867 1574 907 1615; x_wconf 92' lang='grc'>18</span> <span class='ocrx_word' id='word_1_199' title='bbox 925 1575 1165 1627; x_wconf 89' lang='lat' dir='ltr'>adaptasen</span> <span class='ocrx_word' id='word_1_200' title='bbox 1188 1573 1254 1614; x_wconf 88' lang='lat' dir='ltr'>las</span> <span class='ocrx_word' id='word_1_201' title='bbox 1271 1571 1613 1613; x_wconf 84' lang='lat' dir='ltr'>terminaciones</span> <span class='ocrx_word' id='word_1_202' title='bbox 1631 1584 1788 1612; x_wconf 89' lang='lat' dir='ltr'>casua-</span> 
     </span>
     <span class='ocr_line' id='line_1_21' title="bbox 341 1641 1788 1697; baseline -0.003 -11"><span class='ocrx_word' id='word_1_203' title='bbox 341 1646 406 1686; x_wconf 88' lang='lat' dir='ltr'>les</span> <span class='ocrx_word' id='word_1_204' title='bbox 425 1646 472 1694; x_wconf 81' lang='grc' dir='ltr'>ι’ς,</span> <span class='ocrx_word' id='word_1_205' title='bbox 497 1646 526 1695; x_wconf 86' lang='grc' dir='ltr'>ι’,</span> <span class='ocrx_word' id='word_1_206' title='bbox 553 1646 630 1695; x_wconf 81' lang='lat' dir='ltr'>im,</span> <span class='ocrx_word' id='word_1_207' title='bbox 653 1645 956 1687; x_wconf 89' lang='lat' dir='ltr'>conservando</span> <span class='ocrx_word' id='word_1_208' title='bbox 975 1646 1017 1686; x_wconf 89' lang='lat' dir='ltr'>la</span> <span class='ocrx_word' id='word_1_209' title='bbox 1036 1648 1160 1686; x_wconf 86' lang='lat' dir='ltr'>vocal</span> <span class='ocrx_word' id='word_1_210' title='bbox 1180 1646 1264 1686; x_wconf 81' lang='lat' dir='ltr'>ide</span> <span class='ocrx_word' id='word_1_211' title='bbox 1283 1645 1326 1685; x_wconf 90' lang='lat' dir='ltr'>la</span> <span class='ocrx_word' id='word_1_212' title='bbox 1346 1642 1571 1697; x_wconf 85' lang='lat' dir='ltr'>primitiva</span> <span class='ocrx_word' id='word_1_213' title='bbox 1586 1641 1788 1683; x_wconf 86' lang='lat' dir='ltr'>desinen-</span> 
     </span>
     <span class='ocr_line' id='line_1_22' title="bbox 339 1711 1787 1769; baseline -0.002 -12"><span class='ocrx_word' id='word_1_214' title='bbox 339 1716 413 1758; x_wconf 89' lang='lat' dir='ltr'>cia</span> <span class='ocrx_word' id='word_1_215' title='bbox 437 1716 598 1758; x_wconf 89' lang='lat' dir='ltr'>elidida</span> <span class='ocrx_word' id='word_1_216' title='bbox 620 1717 675 1766; x_wconf 86' lang='lat' dir='ltr'>ir,</span> <span class='ocrx_word' id='word_1_217' title='bbox 697 1716 762 1758; x_wconf 92' lang='lat' dir='ltr'>sin</span> <span class='ocrx_word' id='word_1_218' title='bbox 789 1729 873 1769; x_wconf 91' lang='lat' dir='ltr'>que</span> <span class='ocrx_word' id='word_1_219' title='bbox 898 1728 1045 1757; x_wconf 89' lang='lat' dir='ltr'>nunca</span> <span class='ocrx_word' id='word_1_220' title='bbox 1067 1716 1107 1756; x_wconf 92' lang='lat' dir='ltr'>al</span> <span class='ocrx_word' id='word_1_221' title='bbox 1128 1714 1420 1756; x_wconf 88' lang='lat' dir='ltr'>mencionado</span> <span class='ocrx_word' id='word_1_222' title='bbox 1438 1719 1559 1754; x_wconf 86' lang='lat' dir='ltr'>terna</span> <span class='ocrx_word' id='word_1_223' title='bbox 1575 1711 1787 1766; x_wconf 86' lang='lat' dir='ltr'>pudieran</span> 
     </span>
     <span class='ocr_line' id='line_1_23' title="bbox 341 1786 1791 1842; baseline -0.002 -13"><span class='ocrx_word' id='word_1_224' title='bbox 341 1801 578 1841; x_wconf 86' lang='lat' dir='ltr'>agregarse</span> <span class='ocrx_word' id='word_1_225' title='bbox 602 1788 668 1829; x_wconf 91' lang='lat' dir='ltr'>los</span> <span class='ocrx_word' id='word_1_226' title='bbox 693 1787 940 1829; x_wconf 88' lang='lat' dir='ltr'>inusitados</span> <span class='ocrx_word' id='word_1_227' title='bbox 962 1786 1120 1828; x_wconf 84' lang='lat' dir='ltr'>finales</span> <span class='ocrx_word' id='word_1_228' title='bbox 1136 1787 1212 1837; x_wconf 80' lang='lat' dir='ltr'>ris,</span> <span class='ocrx_word' id='word_1_229' title='bbox 1234 1787 1287 1836; x_wconf 79' lang='lat' dir='ltr'>ri,</span> <span class='ocrx_word' id='word_1_230' title='bbox 1314 1786 1408 1842; x_wconf 62' lang='lat' dir='ltr'>rim,</span> <span class='ocrx_word' id='word_1_231' title='bbox 1428 1798 1534 1839; x_wconf 87' lang='lat' dir='ltr'>para</span> <span class='ocrx_word' id='word_1_232' title='bbox 1549 1796 1791 1838; x_wconf 80' lang='lat' dir='ltr'>componet</span> 
     </span>
     <span class='ocr_line' id='line_1_24' title="bbox 344 1855 1790 1912; baseline -0.001 -12"><span class='ocrx_word' id='word_1_233' title='bbox 344 1859 387 1901; x_wconf 90' lang='grc'><strong>13</strong></span> <span class='ocrx_word' id='word_1_234' title='bbox 409 1859 551 1901; x_wconf 84' lang='lat' dir='ltr'>forma</span> <span class='ocrx_word' id='word_1_235' title='bbox 575 1860 759 1901; x_wconf 73' lang='lat' dir='ltr'>barbara</span> <span class='ocrx_word' id='word_1_236' title='bbox 784 1857 1063 1909; x_wconf 86' lang='lat' dir='ltr'>ILiVeR1·is‚</span> <span class='ocrx_word' id='word_1_237' title='bbox 1096 1872 1181 1912; x_wconf 92' lang='lat' dir='ltr'>que</span> <span class='ocrx_word' id='word_1_238' title='bbox 1207 1858 1302 1899; x_wconf 80' lang='lat' dir='ltr'>solo</span> <span class='ocrx_word' id='word_1_239' title='bbox 1327 1857 1442 1911; x_wconf 89' lang='lat' dir='ltr'>pudo</span> <span class='ocrx_word' id='word_1_240' title='bbox 1465 1855 1577 1898; x_wconf 82' lang='lat' dir='ltr'>oirse</span> <span class='ocrx_word' id='word_1_241' title='bbox 1599 1870 1652 1897; x_wconf 85' lang='lat' dir='ltr'>en</span> <span class='ocrx_word' id='word_1_242' title='bbox 1678 1856 1790 1898; x_wconf 88' lang='lat' dir='ltr'>boca</span> 
     </span>
     <span class='ocr_line' id='line_1_25' title="bbox 341 1929 1786 1985; baseline -0.003 -13"><span class='ocrx_word' id='word_1_243' title='bbox 341 1931 396 1972; x_wconf 87' lang='lat' dir='ltr'>de</span> <span class='ocrx_word' id='word_1_244' title='bbox 419 1938 551 1985; x_wconf 85' lang='lat' dir='ltr'>gente</span> <span class='ocrx_word' id='word_1_245' title='bbox 575 1931 740 1972; x_wconf 79' lang='lat' dir='ltr'>rustica</span> <span class='ocrx_word' id='word_1_246' title='bbox 762 1944 863 1984; x_wconf 88' lang='lat' dir='ltr'>que,</span> <span class='ocrx_word' id='word_1_247' title='bbox 890 1930 1203 1984; x_wconf 81' lang='lat' dir='ltr'>pretendiendo</span> <span class='ocrx_word' id='word_1_248' title='bbox 1227 1929 1375 1971; x_wconf 86' lang='lat' dir='ltr'>imitat·</span> <span class='ocrx_word' id='word_1_249' title='bbox 1397 1929 1439 1970; x_wconf 89' lang='lat' dir='ltr'>la</span> <span class='ocrx_word' id='word_1_250' title='bbox 1467 1931 1652 1969; x_wconf 75' lang='lat' dir='ltr'>extrar&#39;ia</span> <span class='ocrx_word' id='word_1_251' title='bbox 1682 1940 1786 1981; x_wconf 89' lang='lat' dir='ltr'>pro-</span> 
     </span>
     <span class='ocr_line' id='line_1_26' title="bbox 346 1998 1789 2056; baseline -0.001 -14"><span class='ocrx_word' id='word_1_252' title='bbox 346 2002 624 2052; x_wconf 68' lang='lat' dir='ltr'>nunciaciom</span> <span class='ocrx_word' id='word_1_253' title='bbox 664 2014 772 2056; x_wconf 87' lang='lat' dir='ltr'>para</span> <span class='ocrx_word' id='word_1_254' title='bbox 805 2002 844 2041; x_wconf 87' lang='lat' dir='ltr'>el</span> <span class='ocrx_word' id='word_1_255' title='bbox 884 2000 1011 2050; x_wconf 81' lang='lat' dir='ltr'>latin,</span> <span class='ocrx_word' id='word_1_256' title='bbox 1052 2001 1104 2042; x_wconf 90' lang='lat' dir='ltr'>de</span> <span class='ocrx_word' id='word_1_257' title='bbox 1143 2001 1222 2042; x_wconf 92' lang='lat' dir='ltr'>dos</span> <span class='ocrx_word' id='word_1_258' title='bbox 1259 2005 1556 2041; x_wconf 86' lang='lat' dir='ltr'>consonantes</span> <span class='ocrx_word' id='word_1_259' title='bbox 1598 1998 1789 2052; x_wconf 89' lang='lat' dir='ltr'>liquidas</span> 
     </span>
     <span class='ocr_line' id='line_1_27' title="bbox 346 2070 1783 2126; baseline -0.001 -13"><span class='ocrx_word' id='word_1_260' title='bbox 346 2073 532 2126; x_wconf 82' lang='lat' dir='ltr'>iguales,</span> <span class='ocrx_word' id='word_1_261' title='bbox 559 2074 615 2122; x_wconf 88' lang='lat' dir='ltr'>R,</span> <span class='ocrx_word' id='word_1_262' title='bbox 642 2072 848 2114; x_wconf 90' lang='lat' dir='ltr'>teniendo</span> <span class='ocrx_word' id='word_1_263' title='bbox 870 2086 923 2113; x_wconf 91' lang='lat' dir='ltr'>en</span> <span class='ocrx_word' id='word_1_264' title='bbox 951 2072 1095 2114; x_wconf 90' lang='lat' dir='ltr'>medio</span> <span class='ocrx_word' id='word_1_265' title='bbox 1118 2072 1171 2114; x_wconf 90' lang='lat' dir='ltr'>de</span> <span class='ocrx_word' id='word_1_266' title='bbox 1185 2072 1295 2113; x_wconf 89' lang='lat' dir='ltr'>ellas</span> <span class='ocrx_word' id='word_1_267' title='bbox 1318 2085 1406 2113; x_wconf 91' lang='lat' dir='ltr'>una</span> <span class='ocrx_word' id='word_1_268' title='bbox 1424 2072 1548 2112; x_wconf 90' lang='lat' dir='ltr'>vocal</span> <span class='ocrx_word' id='word_1_269' title='bbox 1567 2070 1726 2125; x_wconf 88' lang='lat' dir='ltr'>simple</span> <span class='ocrx_word' id='word_1_270' title='bbox 1745 2071 1783 2121; x_wconf 89' lang='lat'>1,</span> 
     </span>
     <span class='ocr_line' id='line_1_28' title="bbox 345 2142 1783 2196; baseline -0.002 -10"><span class='ocrx_word' id='word_1_271' title='bbox 345 2143 547 2186; x_wconf 80' lang='lat' dir='ltr'>sorzaron</span> <span class='ocrx_word' id='word_1_272' title='bbox 574 2145 626 2187; x_wconf 91' lang='lat' dir='ltr'>de</span> <span class='ocrx_word' id='word_1_273' title='bbox 650 2145 711 2186; x_wconf 86' lang='lat' dir='ltr'>tal</span> <span class='ocrx_word' id='word_1_274' title='bbox 736 2145 866 2186; x_wconf 91' lang='lat' dir='ltr'>modo</span> <span class='ocrx_word' id='word_1_275' title='bbox 891 2145 932 2185; x_wconf 91' lang='lat' dir='ltr'>la</span> <span class='ocrx_word' id='word_1_276' title='bbox 956 2143 1144 2186; x_wconf 77' lang='lat' dir='ltr'>emision</span> <span class='ocrx_word' id='word_1_277' title='bbox 1176 2143 1228 2185; x_wconf 92' lang='lat' dir='ltr'>de</span> <span class='ocrx_word' id='word_1_278' title='bbox 1258 2149 1349 2184; x_wconf 86' lang='lat' dir='ltr'>este</span> <span class='ocrx_word' id='word_1_279' title='bbox 1377 2142 1549 2192; x_wconf 84' lang='lat' dir='ltr'>sonido,</span> <span class='ocrx_word' id='word_1_280' title='bbox 1585 2142 1783 2196; x_wconf 64' lang='lat' dir='ltr'>apoydn-</span> 
     </span>
    </p>
   </div>
   <div class='ocr_carea' id='block_1_5' title="bbox 344 2268 1790 2911">
    <p class='ocr_par' dir='ltr' id='par_1_5' title="bbox 344 2268 1790 2794">
     <span class='ocr_line' id='line_1_29' title="bbox 347 2268 1786 2320; baseline -0.003 -11"><span class='ocrx_word' id='word_1_281' title='bbox 347 2284 471 2309; x_wconf 87' lang='lat' dir='ltr'>unum</span> <span class='ocrx_word' id='word_1_282' title='bbox 503 2273 516 2309; x_wconf 90' lang='lat'><em>1</em></span> <span class='ocrx_word' id='word_1_283' title='bbox 542 2273 740 2309; x_wconf 75' lang='lat' dir='ltr'>enuntiari</span> <span class='ocrx_word' id='word_1_284' title='bbox 769 2284 849 2309; x_wconf 87' lang='lat' dir='ltr'>non</span> <span class='ocrx_word' id='word_1_285' title='bbox 878 2281 935 2320; x_wconf 79' lang='lat' dir='ltr'>est</span> <span class='ocrx_word' id='word_1_286' title='bbox 967 2272 1123 2317; x_wconf 90' lang='lat' dir='ltr'>mirum,</span> <span class='ocrx_word' id='word_1_287' title='bbox 1152 2271 1243 2320; x_wconf 86' lang='lat' dir='ltr'>quia</span> <span class='ocrx_word' id='word_1_288' title='bbox 1276 2271 1482 2308; x_wconf 81' lang='lat' dir='ltr'>nullatenu</span> <span class='ocrx_word' id='word_1_289' title='bbox 1514 2268 1786 2317; x_wconf 76' lang='lat' dir='ltr'>geminabatur</span> 
     </span>
     <span class='ocr_line' id='line_1_30' title="bbox 346 2327 1789 2380; baseline -0.002 -13"><span class='ocrx_word' id='word_1_290' title='bbox 346 2332 470 2368; x_wconf 76' lang='lat' dir='ltr'>littera</span> <span class='ocrx_word' id='word_1_291' title='bbox 495 2334 530 2368; x_wconf 88' lang='lat' dir='ltr'>in</span> <span class='ocrx_word' id='word_1_292' title='bbox 549 2332 771 2377; x_wconf 82' lang='lat' dir='ltr'>scribendo,</span> <span class='ocrx_word' id='word_1_293' title='bbox 786 2343 903 2380; x_wconf 87' lang='lat' dir='ltr'>quam</span> <span class='ocrx_word' id='word_1_294' title='bbox 924 2331 1251 2367; x_wconf 79' lang='lat' dir='ltr'>consuetudinem</span> <span class='ocrx_word' id='word_1_295' title='bbox 1269 2330 1422 2367; x_wconf 74' lang='lat' dir='ltr'>Ennius</span> <span class='ocrx_word' id='word_1_296' title='bbox 1443 2329 1651 2365; x_wconf 78' lang='lat' dir='ltr'>mutavisse</span> <span class='ocrx_word' id='word_1_297' title='bbox 1667 2327 1789 2364; x_wconf 87' lang='lat' dir='ltr'>fertur</span> 
     </span>
     <span class='ocr_line' id='line_1_31' title="bbox 349 2389 1788 2438; baseline -0.003 -11"><span class='ocrx_word' id='word_1_298' title='bbox 349 2401 480 2438; x_wconf 77' lang='lat' dir='ltr'>utpote</span> <span class='ocrx_word' id='word_1_299' title='bbox 499 2402 649 2438; x_wconf 69' lang='lat' dir='ltr'>graecus</span> <span class='ocrx_word' id='word_1_300' title='bbox 667 2402 794 2437; x_wconf 71' lang='lat' dir='ltr'>gra-co</span> <span class='ocrx_word' id='word_1_301' title='bbox 815 2402 921 2426; x_wconf 79' lang='lat' dir='ltr'>more</span> <span class='ocrx_word' id='word_1_302' title='bbox 945 2401 1037 2426; x_wconf 86' lang='lat' dir='ltr'>usus</span> <span class='ocrx_word' id='word_1_303' title='bbox 1066 2390 1172 2437; x_wconf 88' lang='lat' dir='ltr'>quod</span> <span class='ocrx_word' id='word_1_304' title='bbox 1203 2390 1256 2426; x_wconf 90' lang='lat' dir='ltr'>illi</span> <span class='ocrx_word' id='word_1_305' title='bbox 1282 2400 1407 2437; x_wconf 77' lang='lat' dir='ltr'>aeque</span> <span class='ocrx_word' id='word_1_306' title='bbox 1434 2389 1645 2424; x_wconf 76' lang='lat' dir='ltr'>scribentes</span> <span class='ocrx_word' id='word_1_307' title='bbox 1672 2397 1708 2423; x_wconf 84' lang='lat' dir='ltr'>et</span> <span class='ocrx_word' id='word_1_308' title='bbox 1730 2389 1788 2424; x_wconf 89' lang='lat' dir='ltr'>le-</span> 
     </span>
     <span class='ocr_line' id='line_1_32' title="bbox 345 2446 1788 2498; baseline -0.001 -12"><span class='ocrx_word' id='word_1_309' title='bbox 345 2460 478 2497; x_wconf 70' lang='lat' dir='ltr'>gentes</span> <span class='ocrx_word' id='word_1_310' title='bbox 497 2450 750 2497; x_wconf 78' lang='lat' dir='ltr'>duplicabant</span> <span class='ocrx_word' id='word_1_311' title='bbox 770 2459 911 2493; x_wconf 71' lang='lat' dir='ltr'>mutas,</span> <span class='ocrx_word' id='word_1_312' title='bbox 932 2448 1063 2498; x_wconf 65' lang='lat' dir='ltr'>semi[i</span> <span class='ocrx_word' id='word_1_313' title='bbox 1074 2450 1204 2485; x_wconf 80' lang='lat' dir='ltr'>ocules</span> <span class='ocrx_word' id='word_1_314' title='bbox 1222 2458 1257 2485; x_wconf 79' lang='lat' dir='ltr'>et</span> <span class='ocrx_word' id='word_1_315' title='bbox 1282 2446 1681 2498; x_wconf 79' lang='lat' dir='ltr'>liquidas].-—Festus:</span> <span class='ocrx_word' id='word_1_316' title='bbox 1702 2447 1788 2484; x_wconf 88' lang='lat' dir='ltr'>To-</span> 
     </span>
     <span class='ocr_line' id='line_1_33' title="bbox 344 2506 1788 2555; baseline -0.001 -11"><span class='ocrx_word' id='word_1_317' title='bbox 344 2521 432 2544; x_wconf 80' lang='lat' dir='ltr'>rum</span> <span class='ocrx_word' id='word_1_318' title='bbox 457 2519 496 2546; x_wconf 88' lang='lat' dir='ltr'>ut</span> <span class='ocrx_word' id='word_1_319' title='bbox 515 2509 708 2555; x_wconf 62' lang='lat' dir='ltr'>significat</span> <span class='ocrx_word' id='word_1_320' title='bbox 730 2508 933 2552; x_wconf 81' lang='lat' dir='ltr'>torridum,</span> <span class='ocrx_word' id='word_1_321' title='bbox 954 2509 1105 2544; x_wconf 79' lang='lat' dir='ltr'>aridum</span> <span class='ocrx_word' id='word_1_322' title='bbox 1144 2519 1209 2555; x_wconf 85' lang='lat' dir='ltr'>per</span> <span class='ocrx_word' id='word_1_323' title='bbox 1236 2519 1359 2543; x_wconf 89' lang='lat' dir='ltr'>unum</span> <span class='ocrx_word' id='word_1_324' title='bbox 1389 2506 1547 2555; x_wconf 82' lang='lat' dir='ltr'>quidem</span> <span class='ocrx_word' id='word_1_325' title='bbox 1575 2518 1597 2542; x_wconf 85' lang='lat' dir='ltr'>r</span> <span class='ocrx_word' id='word_1_326' title='bbox 1624 2506 1788 2555; x_wconf 82' lang='lat' dir='ltr'>antiqua</span> 
     </span>
     <span class='ocr_line' id='line_1_34' title="bbox 345 2565 1789 2616; baseline -0.001 -12"><span class='ocrx_word' id='word_1_327' title='bbox 345 2569 632 2605; x_wconf 73' lang='lat' dir='ltr'>consuetudine</span> <span class='ocrx_word' id='word_1_328' title='bbox 651 2568 840 2605; x_wconf 80' lang='lat' dir='ltr'>scribatur</span> <span class='ocrx_word' id='word_1_329' title='bbox 867 2569 933 2604; x_wconf 82' lang='lat' dir='ltr'>sed</span> <span class='ocrx_word' id='word_1_330' title='bbox 953 2568 1064 2616; x_wconf 72' lang='lat' dir='ltr'>quasi</span> <span class='ocrx_word' id='word_1_331' title='bbox 1093 2579 1158 2615; x_wconf 81' lang='lat' dir='ltr'>per</span> <span class='ocrx_word' id='word_1_332' title='bbox 1177 2568 1274 2604; x_wconf 80' lang='lat' dir='ltr'>duas</span> <span class='ocrx_word' id='word_1_333' title='bbox 1291 2579 1312 2603; x_wconf 86' lang='lat' dir='ltr'>r</span> <span class='ocrx_word' id='word_1_334' title='bbox 1331 2567 1521 2604; x_wconf 78' lang='lat' dir='ltr'>scribatur</span> <span class='ocrx_word' id='word_1_335' title='bbox 1542 2565 1789 2614; x_wconf 81' lang='lat' dir='ltr'>pronuntiari</span> 
     </span>
     <span class='ocr_line' id='line_1_35' title="bbox 346 2625 1790 2675; baseline 0.002 -15"><span class='ocrx_word' id='word_1_336' title='bbox 346 2637 514 2675; x_wconf 69' lang='lat' dir='ltr'>oportet,</span> <span class='ocrx_word' id='word_1_337' title='bbox 537 2639 624 2663; x_wconf 76' lang='lat' dir='ltr'>nain</span> <span class='ocrx_word' id='word_1_338' title='bbox 653 2628 804 2675; x_wconf 82' lang='lat' dir='ltr'>antiqui</span> <span class='ocrx_word' id='word_1_339' title='bbox 826 2639 896 2664; x_wconf 75' lang='lat' dir='ltr'>nec</span> <span class='ocrx_word' id='word_1_340' title='bbox 917 2636 1046 2663; x_wconf 79' lang='lat' dir='ltr'>mutus</span> <span class='ocrx_word' id='word_1_341' title='bbox 1071 2638 1141 2663; x_wconf 84' lang='lat' dir='ltr'>nec</span> <span class='ocrx_word' id='word_1_342' title='bbox 1167 2627 1418 2663; x_wconf 79' lang='lat' dir='ltr'>semivocales</span> <span class='ocrx_word' id='word_1_343' title='bbox 1446 2626 1589 2663; x_wconf 77' lang='lat' dir='ltr'>litteras</span> <span class='ocrx_word' id='word_1_344' title='bbox 1614 2625 1790 2673; x_wconf 72' lang='lat' dir='ltr'>genima·</span> 
     </span>
     <span class='ocr_line' id='line_1_36' title="bbox 349 2684 1789 2732; baseline 0.001 -12"><span class='ocrx_word' id='word_1_345' title='bbox 349 2688 441 2722; x_wconf 66' lang='lat' dir='ltr'>tmnt</span> <span class='ocrx_word' id='word_1_346' title='bbox 463 2697 501 2722; x_wconf 91' lang='lat' dir='ltr'>ut</span> <span class='ocrx_word' id='word_1_347' title='bbox 532 2688 570 2723; x_wconf 85' lang='lat' dir='ltr'>lit</span> <span class='ocrx_word' id='word_1_348' title='bbox 606 2687 641 2723; x_wconf 84' lang='lat' dir='ltr'>in</span> <span class='ocrx_word' id='word_1_349' title='bbox 677 2686 822 2731; x_wconf 61' lang='lat' dir='ltr'>tinnio,</span> <span class='ocrx_word' id='word_1_350' title='bbox 850 2686 978 2729; x_wconf 77' lang='lat' dir='ltr'>Arrio,</span> <span class='ocrx_word' id='word_1_351' title='bbox 1012 2686 1362 2722; x_wconf 54' lang='lat' dir='ltr'>Annia—Festus:</span> <span class='ocrx_word' id='word_1_352' title='bbox 1398 2685 1519 2729; x_wconf 78' lang='lat' dir='ltr'>l&#39;olet,</span> <span class='ocrx_word' id='word_1_353' title='bbox 1541 2684 1674 2732; x_wconf 84' lang='lat' dir='ltr'>pollet:</span> <span class='ocrx_word' id='word_1_354' title='bbox 1696 2684 1789 2732; x_wconf 78' lang='lat' dir='ltr'>quia</span> 
     </span>
     <span class='ocr_line' id='line_1_37' title="bbox 350 2747 1271 2794; baseline 0 -14"><span class='ocrx_word' id='word_1_355' title='bbox 350 2747 526 2782; x_wconf 74' lang='lat' dir='ltr'>nondum</span> <span class='ocrx_word' id='word_1_356' title='bbox 548 2747 802 2792; x_wconf 65' lang='lat' dir='ltr'>genimubant</span> <span class='ocrx_word' id='word_1_357' title='bbox 823 2747 974 2794; x_wconf 83' lang='lat' dir='ltr'>antiqui</span> <span class='ocrx_word' id='word_1_358' title='bbox 993 2754 1271 2783; x_wconf 69' lang='lat' dir='ltr'>consonantes,</span> 
     </span>
    </p>

    <p class='ocr_par' dir='ltr' id='par_1_6' title="bbox 344 2801 1789 2911">
     <span class='ocr_line' id='line_1_38' title="bbox 395 2801 1789 2853; baseline -0.003 -11"><span class='ocrx_word' id='word_1_359' title='bbox 395 2808 446 2851; x_wconf 87' lang='grc' dir='ltr'>(ι)</span> <span class='ocrx_word' id='word_1_360' title='bbox 503 2806 684 2845; x_wconf 51' lang='lat' dir='ltr'>lutat-hcl.</span> <span class='ocrx_word' id='word_1_361' title='bbox 708 2806 824 2843; x_wconf 78' lang='lat' dir='ltr'>Prisc</span> <span class='ocrx_word' id='word_1_362' title='bbox 859 2805 976 2842; x_wconf 80' lang='lat' dir='ltr'>latin.</span> <span class='ocrx_word' id='word_1_363' title='bbox 998 2815 1183 2849; x_wconf 61' lang='lat' dir='ltr'>monum„</span> <span class='ocrx_word' id='word_1_364' title='bbox 1203 2806 1316 2853; x_wconf 73' lang='lat' dir='ltr'>eplg.</span> <span class='ocrx_word' id='word_1_365' title='bbox 1335 2803 1410 2840; x_wconf 87' lang='lat' dir='ltr'>col.</span> <span class='ocrx_word' id='word_1_366' title='bbox 1432 2803 1486 2849; x_wconf 79' lang='lat'>16,</span> <span class='ocrx_word' id='word_1_367' title='bbox 1503 2802 1583 2851; x_wconf 83' lang='lat' dir='ltr'>ipsu</span> <span class='ocrx_word' id='word_1_368' title='bbox 1607 2801 1789 2839; x_wconf 71' lang='lat' dir='ltr'>Plautina</span> 
     </span>
     <span class='ocr_line' id='line_1_39' title="bbox 344 2862 1498 2911; baseline -0.001 -12"><span class='ocrx_word' id='word_1_369' title='bbox 344 2874 467 2900; x_wconf 68' lang='lat' dir='ltr'>:nt-tute</span> <span class='ocrx_word' id='word_1_370' title='bbox 489 2876 559 2899; x_wconf 73' lang='lat' dir='ltr'>nec</span> <span class='ocrx_word' id='word_1_371' title='bbox 578 2874 819 2909; x_wconf 66' lang='lat' dir='ltr'>geminatum</span> <span class='ocrx_word' id='word_1_372' title='bbox 843 2877 912 2901; x_wconf 74' lang='lat' dir='ltr'>nec</span> <span class='ocrx_word' id='word_1_373' title='bbox 930 2864 1140 2911; x_wconf 76' lang='lat' dir='ltr'>aspiratum</span> <span class='ocrx_word' id='word_1_374' title='bbox 1162 2875 1242 2900; x_wconf 74' lang='lat' dir='ltr'>esse</span> <span class='ocrx_word' id='word_1_375' title='bbox 1261 2862 1498 2900; x_wconf 74' lang='lat' dir='ltr'>memineris.</span> 
     </span>
    </p>
   </div>
  </div>
 </body>
</html>
